,URL,Title,Sub Title,Rating,Reviews ,Price,Description and Shipping,ASIN,Image URL
0,https://www.amazon.com/sspa/click?ie=UTF8&spc=MTo4Njc0NTY2NDIwNTUyNDA1OjE2Njc5NDYyNzU6c3BfYXRmOjIwMDAzMDExNTQwNDYyMTo6MDo6&sp_csd=d2lkZ2V0TmFtZT1zcF9hdGY&url=%2FMaybelline-New-York-Eyeliner-Waterproof%2Fdp%2FB07W8JJ61X%2Fref%3Dsr_1_1_sns_sspa%3Fcrid%3D3MFUSBY30FHA4%26keywords%3Dlakme%2Beyeliner%26qid%3D1667946275%26sprefix%3Dlakme%2Beyeliner%252Caps%252C107%26sr%3D8-1-spons%26psc%3D1,"Maybelline Hyper Easy Liquid Pen No-Skip Eyeliner, Satin Finish, Waterproof Formula, Eye Liner Makeup, Pitch Black, 0.018 Fl; Oz",Sponsored,4.4 out of 5 stars,"53,767",$7.58 ,"First Delivery Wed, Nov 9",B07W8JJ61X,https://m.media-amazon.com/images/I/61UyrYQ2BrL._AC_UL320_.jpg
1,https://www.amazon.com/sspa/click?ie=UTF8&spc=MTo4Njc0NTY2NDIwNTUyNDA1OjE2Njc5NDYyNzU6c3BfYXRmOjIwMDAyMjEwNDg2NzY4MTo6MDo6&sp_csd=d2lkZ2V0TmFtZT1zcF9hdGY&url=%2FLOreal-Paris-Infallible-Mechanical-Sharpener%2Fdp%2FB07QMKK98Q%2Fref%3Dsr_1_2_sns_sspa%3Fcrid%3D3MFUSBY30FHA4%26keywords%3Dlakme%2Beyeliner%26qid%3D1667946275%26sprefix%3Dlakme%2Beyeliner%252Caps%252C107%26sr%3D8-2-spons%26psc%3D1,"L'Oreal Paris Makeup Infallible Never Fail Original Mechanical Pencil Eyeliner with Built in Sharpener, Black Brown, 2 Count",Sponsored,4.5 out of 5 stars,"21,807",$14.38 ,"First Delivery Wed, Nov 9",B07QMKK98Q,https://m.media-amazon.com/images/I/713EvGUV2wL._AC_UL320_.jpg
2,https://www.amazon.com/sspa/click?ie=UTF8&spc=MTo4Njc0NTY2NDIwNTUyNDA1OjE2Njc5NDYyNzU6c3BfYXRmOjIwMDA2Mjk3NzE0ODY5ODo6MDo6&sp_csd=d2lkZ2V0TmFtZT1zcF9hdGY&url=%2FLOreal-Paris-Infallible-Precision-Waterproof%2Fdp%2FB09S8HDMJM%2Fref%3Dsr_1_3_sns_sspa%3Fcrid%3D3MFUSBY30FHA4%26keywords%3Dlakme%2Beyeliner%26qid%3D1667946275%26sprefix%3Dlakme%2Beyeliner%252Caps%252C107%26sr%3D8-3-spons%26psc%3D1,"L'Oreal Paris L’Oreal Paris Makeup Infallible Grip Precision Felt Eyeliner, Smudge Resistant, Long Lasting Waterproof Eyeliner, Grey, Grey, 0.03 fl oz",Sponsored,4.3 out of 5 stars,659,$8.54 ,"First Delivery Wed, Nov 9",B09S8HDMJM,https://m.media-amazon.com/images/I/61R+E-8BUgL._AC_UL320_.jpg
3,https://www.amazon.com/HotDeal-Lakme-Insta-Intensee-Black/dp/B09VPX3DZB/ref=sr_1_4?crid=3MFUSBY30FHA4&keywords=lakme+eyeliner&qid=1667946275&sprefix=lakme+eyeliner%2Caps%2C107&sr=8-4,HotDeal Lakme Insta Deep Intensee Black Eye Liner 9 ml,0.3 Fl Oz (Pack of 1),5.0 out of 5 stars,7,$8.89 ,"FREE delivery Mon, Nov 14|",B09VPX3DZB,https://m.media-amazon.com/images/I/31XWMUUhXnL._AC_UL320_.jpg
4,https://www.amazon.com/Lakme-Insta-Intense-Black-Liner/dp/B09TRGCMNJ/ref=sr_1_5?crid=3MFUSBY30FHA4&keywords=lakme+eyeliner&qid=1667946275&sprefix=lakme+eyeliner%2Caps%2C107&sr=8-5,Lakme Insta Deep Intense Black Eye Liner 9 ml,0.3 Ounce (Pack of 1),4.2 out of 5 stars,5,$9.98 ,FREE delivery Dec 1 - 12,B09TRGCMNJ,https://m.media-amazon.com/images/I/31ONjbzE3PL._AC_UL320_.jpg
5,https://www.amazon.com/l-f-Cosmetics-retractable-eyeliner-waterproof/dp/B07MWSXPT1/ref=sr_1_6_mod_primary_new?crid=3MFUSBY30FHA4&keywords=lakme+eyeliner&qid=1667946275&sbo=RZvfv%2F%2FHxDF%2BO5021pAnSA%3D%3D&sprefix=lakme+eyeliner%2Caps%2C107&sr=8-6,"e.l.f. No Budge Retractable Eyeliner, Creamy, Ultra-Pigmented & Waterproof, Creates Bold & Defined Lines, Vegan & Cruelty-Free, Black 0.006 Oz",1 Count (Pack of 1),4.5 out of 5 stars,"8,444|Subscribe & Save|$4.00$4.00 ($4.00/Ounce)|$4.00$4.00 ($4.00/Ounce)|($4.00/Ounce)|Save more with Subscribe & Save|First Delivery Wed, Nov 9",$4.00 ,"One-DayFREE delivery Tomorrow, Nov 9 Or FREE delivery Overnight 4 AM - 8 AM on $35 of qualifying items|One-Day|First Delivery Wed, Nov 9",B07MWSXPT1,https://m.media-amazon.com/images/I/51iP+Zi8O5L._AC_UL320_.jpg
6,https://www.amazon.com/sspa/click?ie=UTF8&spc=MTo1NTcwNTUxMDg1NDQwMjYwOjE2Njc5NDYyNzU6c3Bfc2VhcmNoX3RoZW1hdGljOjIwMDA2Mjk3NzE0ODM5ODo6MDo6&sp_csd=d2lkZ2V0TmFtZT1zcF9zZWFyY2hfdGhlbWF0aWM&url=%2FLOreal-Paris-Infallible-Precision-Waterproof%2Fdp%2FB09S8JWWZ3%2Fref%3Dsxin_15_pa_sp_search_thematic_sspa%3Fcontent-id%3Damzn1.sym.b05db705-0b89-4b8b-82f5-e767e46bfb6a%253Aamzn1.sym.b05db705-0b89-4b8b-82f5-e767e46bfb6a%26crid%3D3MFUSBY30FHA4%26cv_ct_cx%3Dlakme%2Beyeliner%26keywords%3Dlakme%2Beyeliner%26pd_rd_i%3DB09S8JWWZ3%26pd_rd_r%3D28e17501-4b53-4356-afb3-2e2ebc32ab67%26pd_rd_w%3D90mZ2%26pd_rd_wg%3DqOxFk%26pf_rd_p%3Db05db705-0b89-4b8b-82f5-e767e46bfb6a%26pf_rd_r%3DCDEW1PRWH28Z4YEKG7J9%26qid%3D1667946275%26sprefix%3Dlakme%2Beyeliner%252Caps%252C107%26sr%3D1-1-a73d1c8c-2fd2-4f19-aa41-2df022bcb241-spons%26psc%3D1,"L'Oreal Paris L’Oreal Paris Infallible Grip Precision Felt Eyeliner, Smudge Resistant, Long Lasting Waterproof Eyeliner, Black, Black, 0.03 fl oz",0.03 Fl Oz (Pack of 1),4.3 out of 5 stars|4.4 out of 5 stars|4.5 out of 5 stars|4.4 out of 5 stars|4.5 out of 5 stars,"659|53,767|21,807|31,420|9,607",$9.48 ,,,https://m.media-amazon.com/images/I/41eYnbYKfpL._AC_UL320_.jpg|https://m.media-amazon.com/images/I/61UyrYQ2BrL._AC_UL320_.jpg|https://m.media-amazon.com/images/I/51IVLCzdHYL._AC_UL320_.jpg|https://m.media-amazon.com/images/I/61wWHwqf2EL._AC_UL320_.jpg|https://m.media-amazon.com/images/I/41mBOfE5gTL._AC_UL320_.jpg
7,https://www.amazon.com/sspa/click?ie=UTF8&spc=MTo1NTcwNTUxMDg1NDQwMjYwOjE2Njc5NDYyNzU6c3Bfc2VhcmNoX3RoZW1hdGljOjIwMDA2Mjk3NzE0ODM5ODo6MDo6&sp_csd=d2lkZ2V0TmFtZT1zcF9zZWFyY2hfdGhlbWF0aWM&url=%2FLOreal-Paris-Infallible-Precision-Waterproof%2Fdp%2FB09S8JWWZ3%2Fref%3Dsxin_15_pa_sp_search_thematic_sspa%3Fcontent-id%3Damzn1.sym.b05db705-0b89-4b8b-82f5-e767e46bfb6a%253Aamzn1.sym.b05db705-0b89-4b8b-82f5-e767e46bfb6a%26crid%3D3MFUSBY30FHA4%26cv_ct_cx%3Dlakme%2Beyeliner%26keywords%3Dlakme%2Beyeliner%26pd_rd_i%3DB09S8JWWZ3%26pd_rd_r%3D28e17501-4b53-4356-afb3-2e2ebc32ab67%26pd_rd_w%3D90mZ2%26pd_rd_wg%3DqOxFk%26pf_rd_p%3Db05db705-0b89-4b8b-82f5-e767e46bfb6a%26pf_rd_r%3DCDEW1PRWH28Z4YEKG7J9%26qid%3D1667946275%26sprefix%3Dlakme%2Beyeliner%252Caps%252C107%26sr%3D1-1-a73d1c8c-2fd2-4f19-aa41-2df022bcb241-spons%26psc%3D1,"L'Oreal Paris L’Oreal Paris Infallible Grip Precision Felt Eyeliner, Smudge Resistant, Long Lasting Waterproof Eyeliner, Black, Black, 0.03 fl oz",0.03 Fl Oz (Pack of 1),4.3 out of 5 stars,659,$9.48 ,,B09S8JWWZ3,https://m.media-amazon.com/images/I/41eYnbYKfpL._AC_UL320_.jpg
8,https://www.amazon.com/sspa/click?ie=UTF8&spc=MTo1NTcwNTUxMDg1NDQwMjYwOjE2Njc5NDYyNzU6c3Bfc2VhcmNoX3RoZW1hdGljOjIwMDAzMDExNTQwNDYyMTo6MTo6&sp_csd=d2lkZ2V0TmFtZT1zcF9zZWFyY2hfdGhlbWF0aWM&url=%2FMaybelline-New-York-Eyeliner-Waterproof%2Fdp%2FB07W8JJ61X%2Fref%3Dsxin_15_pa_sp_search_thematic_sspa%3Fcontent-id%3Damzn1.sym.b05db705-0b89-4b8b-82f5-e767e46bfb6a%253Aamzn1.sym.b05db705-0b89-4b8b-82f5-e767e46bfb6a%26crid%3D3MFUSBY30FHA4%26cv_ct_cx%3Dlakme%2Beyeliner%26keywords%3Dlakme%2Beyeliner%26pd_rd_i%3DB07W8JJ61X%26pd_rd_r%3D28e17501-4b53-4356-afb3-2e2ebc32ab67%26pd_rd_w%3D90mZ2%26pd_rd_wg%3DqOxFk%26pf_rd_p%3Db05db705-0b89-4b8b-82f5-e767e46bfb6a%26pf_rd_r%3DCDEW1PRWH28Z4YEKG7J9%26qid%3D1667946275%26rdc%3D1%26sprefix%3Dlakme%2Beyeliner%252Caps%252C107%26sr%3D1-2-a73d1c8c-2fd2-4f19-aa41-2df022bcb241-spons%26psc%3D1,"Maybelline Hyper Easy Liquid Pen No-Skip Eyeliner, Satin Finish, Waterproof Formula, Eye Liner Makeup, Pitch Black, 0.018 Fl; Oz",0.18 Fl Oz (Pack of 1),4.4 out of 5 stars,"53,767",$7.98 ,,B07W8JJ61X,https://m.media-amazon.com/images/I/61UyrYQ2BrL._AC_UL320_.jpg
9,https://www.amazon.com/sspa/click?ie=UTF8&spc=MTo1NTcwNTUxMDg1NDQwMjYwOjE2Njc5NDYyNzU6c3Bfc2VhcmNoX3RoZW1hdGljOjIwMDAyMjEwNDg2NTk4MTo6Mjo6&sp_csd=d2lkZ2V0TmFtZT1zcF9zZWFyY2hfdGhlbWF0aWM&url=%2FLOreal-Paris-Infallible-Mechanical-Sharpener%2Fdp%2FB004BD0XGI%2Fref%3Dsxin_15_pa_sp_search_thematic_sspa%3Fcontent-id%3Damzn1.sym.b05db705-0b89-4b8b-82f5-e767e46bfb6a%253Aamzn1.sym.b05db705-0b89-4b8b-82f5-e767e46bfb6a%26crid%3D3MFUSBY30FHA4%26cv_ct_cx%3Dlakme%2Beyeliner%26keywords%3Dlakme%2Beyeliner%26pd_rd_i%3DB004BD0XGI%26pd_rd_r%3D28e17501-4b53-4356-afb3-2e2ebc32ab67%26pd_rd_w%3D90mZ2%26pd_rd_wg%3DqOxFk%26pf_rd_p%3Db05db705-0b89-4b8b-82f5-e767e46bfb6a%26pf_rd_r%3DCDEW1PRWH28Z4YEKG7J9%26qid%3D1667946275%26rdc%3D1%26sprefix%3Dlakme%2Beyeliner%252Caps%252C107%26sr%3D1-3-a73d1c8c-2fd2-4f19-aa41-2df022bcb241-spons%26psc%3D1,"L'Oreal Paris Makeup Infallible Never Fail Original Mechanical Pencil Eyeliner with Built in Sharpener, Black Brown, 1 Count",$7.19 with Subscribe & Save discount<label>Extra 50% off</label> when you subscribeExtra 50% off  when you subscribe,4.5 out of 5 stars,"21,807",$7.57 ,,B004BD0XGI,https://m.media-amazon.com/images/I/51IVLCzdHYL._AC_UL320_.jpg
10,https://www.amazon.com/sspa/click?ie=UTF8&spc=MTo1NTcwNTUxMDg1NDQwMjYwOjE2Njc5NDYyNzU6c3Bfc2VhcmNoX3RoZW1hdGljOjIwMDA5MzAyMjg4NTA5ODo6Mzo6&sp_csd=d2lkZ2V0TmFtZT1zcF9zZWFyY2hfdGhlbWF0aWM&url=%2FCOVERGIRL-Eyeliner-Espresso-Packaging-Sharpening%2Fdp%2FB00VTU2FWQ%2Fref%3Dsxin_15_pa_sp_search_thematic_sspa%3Fcontent-id%3Damzn1.sym.b05db705-0b89-4b8b-82f5-e767e46bfb6a%253Aamzn1.sym.b05db705-0b89-4b8b-82f5-e767e46bfb6a%26crid%3D3MFUSBY30FHA4%26cv_ct_cx%3Dlakme%2Beyeliner%26keywords%3Dlakme%2Beyeliner%26pd_rd_i%3DB00VTU2FWQ%26pd_rd_r%3D28e17501-4b53-4356-afb3-2e2ebc32ab67%26pd_rd_w%3D90mZ2%26pd_rd_wg%3DqOxFk%26pf_rd_p%3Db05db705-0b89-4b8b-82f5-e767e46bfb6a%26pf_rd_r%3DCDEW1PRWH28Z4YEKG7J9%26qid%3D1667946275%26sprefix%3Dlakme%2Beyeliner%252Caps%252C107%26sr%3D1-4-a73d1c8c-2fd2-4f19-aa41-2df022bcb241-spons%26psc%3D1,"Covergirl Perfect Point Plus Eyeliner, Espresso",Pack of 1,4.4 out of 5 stars,"31,420",$5.94 ,,B00VTU2FWQ,https://m.media-amazon.com/images/I/61wWHwqf2EL._AC_UL320_.jpg
11,https://www.amazon.com/sspa/click?ie=UTF8&spc=MTo1NTcwNTUxMDg1NDQwMjYwOjE2Njc5NDYyNzU6c3Bfc2VhcmNoX3RoZW1hdGljOjIwMDA5MTM4MDU2MTQ5ODo6NDo6&sp_csd=d2lkZ2V0TmFtZT1zcF9zZWFyY2hfdGhlbWF0aWM&url=%2FCOVERGIRL-Perfect-Waterproof-Eyeliner-packaging%2Fdp%2FB00C67ED30%2Fref%3Dsxin_15_pa_sp_search_thematic_sspa%3Fcontent-id%3Damzn1.sym.b05db705-0b89-4b8b-82f5-e767e46bfb6a%253Aamzn1.sym.b05db705-0b89-4b8b-82f5-e767e46bfb6a%26crid%3D3MFUSBY30FHA4%26cv_ct_cx%3Dlakme%2Beyeliner%26keywords%3Dlakme%2Beyeliner%26pd_rd_i%3DB00C67ED30%26pd_rd_r%3D28e17501-4b53-4356-afb3-2e2ebc32ab67%26pd_rd_w%3D90mZ2%26pd_rd_wg%3DqOxFk%26pf_rd_p%3Db05db705-0b89-4b8b-82f5-e767e46bfb6a%26pf_rd_r%3DCDEW1PRWH28Z4YEKG7J9%26qid%3D1667946275%26rdc%3D1%26sprefix%3Dlakme%2Beyeliner%252Caps%252C107%26sr%3D1-5-a73d1c8c-2fd2-4f19-aa41-2df022bcb241-spons%26psc%3D1,"COVERGIRL Ink It By Perfect Point Plus Long Lasting Waterproof Eyeliner, Black, 0.012 Oz (Pack of 1)",1 Count (Pack of 1),4.5 out of 5 stars,"9,607",$3.95 ,,B00C67ED30,https://m.media-amazon.com/images/I/41mBOfE5gTL._AC_UL320_.jpg
12,https://www.amazon.com/Paris-Infallible-Blackest-Black-Packaging/dp/B0084A5N0A/ref=sr_1_7?crid=3MFUSBY30FHA4&keywords=lakme+eyeliner&qid=1667946275&sprefix=lakme+eyeliner%2Caps%2C107&sr=8-7,"L'Oreal Paris Infallible Lacquer Eyeliner, Blackest Black (Packaging May Vary)",1 Count (Pack of 1),4.6 out of 5 stars,"4,920",$9.78 ,"One-DayFREE delivery Tomorrow, Nov 9|One-Day",B0084A5N0A,https://m.media-amazon.com/images/I/615itEWSzLL._AC_UL320_.jpg
13,https://www.amazon.com/NYX-Mechanical-Eye-Pencil-Black/dp/B005G9E9AW/ref=sr_1_8_mod_primary_new?crid=3MFUSBY30FHA4&keywords=lakme+eyeliner&qid=1667946275&sbo=RZvfv%2F%2FHxDF%2BO5021pAnSA%3D%3D&sprefix=lakme+eyeliner%2Caps%2C107&sr=8-8,"NYX PROFESSIONAL MAKEUP Mechanical Eyeliner Pencil, Black",1 Count (Pack of 1),4.5 out of 5 stars,"90,933|Subscribe & Save|$4.74$4.74|$4.74$4.74|5% off $4.99 one-time price|First Delivery Wed, Nov 9",$4.99 ,"OvernightFREE delivery Overnight 4 AM - 8 AM on $35 of qualifying items|Overnight|First Delivery Wed, Nov 9",B005G9E9AW,https://m.media-amazon.com/images/I/51rSQChbyPL._AC_UL320_.jpg
14,https://www.amazon.com/Maybelline-New-York-Colossal-Kajal/dp/B01B1KQ6N2/ref=sr_1_9_mod_primary_new?crid=3MFUSBY30FHA4&keywords=lakme+eyeliner&qid=1667946275&sbo=RZvfv%2F%2FHxDF%2BO5021pAnSA%3D%3D&sprefix=lakme+eyeliner%2Caps%2C107&sr=8-9,Maybelline New York New The Colossal Kajal - Super Black (2X Blacker) Waterproof 16Hours Intense.,1 Count (Pack of 1),4.5 out of 5 stars,"5,904|Subscribe & Save|$8.38$8.38|$8.38$8.38|Save more with Subscribe & Save|First Delivery Thu, Nov 10|Only 4 left in stock - order soon.|Only 4 left in stock - order soon.",$8.39 ,"FREE delivery Thu, Nov 10||First Delivery Thu, Nov 10",B01B1KQ6N2,https://m.media-amazon.com/images/I/51ygC7ELf0L._AC_UL320_.jpg
15,https://www.amazon.com/Maybelline-Eyestudio-Master-Precise-Eyeliner/dp/B07FYMBCS5/ref=sr_1_10_mod_primary_sns?crid=3MFUSBY30FHA4&keywords=lakme+eyeliner&qid=1667946275&sbo=GLaw0Fx56FiNH%2FiZ%2B6XKiQ%3D%3D&sprefix=lakme+eyeliner%2Caps%2C107&sr=8-10,"Maybelline Eyestudio Master Precise All Day Waterproof Liquid Eyeliner, Black, 1 Count",5% off $6.38 one-time price,4.5 out of 5 stars,"28,925|One-time purchase:|$6.38$6.38 $7.99$7.99|$6.38$6.38 $7.99$7.99|Save 5% on 4 select item(s)|OvernightFREE delivery Overnight 4 AM - 8 AM on $35 of qualifying items",$6.06 ,"First Delivery Wed, Nov 9|OvernightFREE delivery Overnight 4 AM - 8 AM on $35 of qualifying items|Overnight",B07FYMBCS5,https://m.media-amazon.com/images/I/61GNuUF92RL._AC_UL320_.jpg
16,https://www.amazon.com/Covergirl-Perfect-Liquid-Eyeliner-Onyx-08/dp/B08L95VZQF/ref=sr_1_11_mod_primary_sns?crid=3MFUSBY30FHA4&keywords=lakme+eyeliner&qid=1667946275&sbo=GLaw0Fx56FiNH%2FiZ%2B6XKiQ%3D%3D&sprefix=lakme+eyeliner%2Caps%2C107&sr=8-11,"Covergirl Perfect Point Plus Liquid Eyeliner, Black Onyx, .08 Fl. Oz.",0.08 Fl Oz (Pack of 1),4.5 out of 5 stars,"2,180|One-time purchase:|$6.67$6.67 $8.99$8.99|$6.67$6.67 $8.99$8.99|Save 5% on 4 select item(s)|One-DayFREE delivery Tomorrow, Nov 9",$6.34 ,"First Delivery Wed, Nov 9|One-DayFREE delivery Tomorrow, Nov 9|One-Day",B08L95VZQF,https://m.media-amazon.com/images/I/615XgdOcq9L._AC_UL320_.jpg
17,https://www.amazon.com/Maybelline-New-York-Eyeliner-Waterproof/dp/B07W8JJ61X/ref=sr_1_12_mod_primary_sns?crid=3MFUSBY30FHA4&keywords=lakme+eyeliner&qid=1667946275&sbo=GLaw0Fx56FiNH%2FiZ%2B6XKiQ%3D%3D&sprefix=lakme+eyeliner%2Caps%2C107&sr=8-12,"Maybelline Hyper Easy Liquid Pen No-Skip Eyeliner, Satin Finish, Waterproof Formula, Eye Liner Makeup, Pitch Black, 0.018 Fl; Oz",0.18 Fl Oz (Pack of 1),4.4 out of 5 stars,"53,767|One-time purchase:|$7.98$7.98 $9.99$9.99|OvernightFREE delivery Overnight 4 AM - 8 AM on $35 of qualifying items",$7.58 ,"First Delivery Wed, Nov 9|OvernightFREE delivery Overnight 4 AM - 8 AM on $35 of qualifying items|Overnight",B07W8JJ61X,https://m.media-amazon.com/images/I/61UyrYQ2BrL._AC_UL320_.jpg
18,https://www.amazon.com/COVERGIRL-Line-Liquid-Eyeliner-packaging/dp/B075YWSXWB/ref=sr_1_13_mod_primary_new?crid=3MFUSBY30FHA4&keywords=lakme+eyeliner&qid=1667946275&sbo=RZvfv%2F%2FHxDF%2BO5021pAnSA%3D%3D&sprefix=lakme+eyeliner%2Caps%2C107&sr=8-13,"COVERGIRL Get In Line Liquid Eyeliner, Black Crystal, Long Lasting, 0.08 Ounces, Feather-Fine Tip, Contour-Grip Handle, Quick-Dry Liquid Eyeliner, Removes Easily",1 Count (Pack of 1),4.5 out of 5 stars,"2,243|Subscribe & Save|$7.13$7.13|$7.13$7.13|5% off $7.50 one-time price<label>Extra 50% off</label> when you subscribeExtra 50% off  when you subscribe|Extra 50% off|First Delivery Wed, Nov 9",$7.50 ,"OvernightFREE delivery Overnight 4 AM - 8 AM on $35 of qualifying items|Overnight|First Delivery Wed, Nov 9",B075YWSXWB,https://m.media-amazon.com/images/I/61KobmJC7nL._AC_UL320_.jpg
19,https://aax-us-iad.amazon.com/x/c/RAOSRhJ7E8ubyb0DpgYV8LUAAAGEWVhi5AEAAAH2AQBOL0EgICAgICAgICAgICBOL0EgICAgICAgICAgICByQCeY/https://www.amazon.com/dp/B08SHJ1WP3?pd_rd_i=B08SHJ1WP3&pf_rd_p=b000e0a0-9e93-480f-bf78-a83c8136dfcb&pf_rd_r=CDEW1PRWH28Z4YEKG7J9&pd_rd_wg=qOxFk&pd_rd_w=3VGsH&pd_rd_r=28e17501-4b53-4356-afb3-2e2ebc32ab67,"iMethod Eyeliner Stamp - NEW 2 Pens Winged Eyeliner Stamp, for All Eye Shapes, Winged Eyeliner Stamp, Perfect Wing Cat Eye Liner, Waterproof & Smudge-proof, 10 mm",Sponsored,4.2 out of 5 stars,"31,473",$12.97 ,"FREE delivery Thu, Nov 10|",,
20,https://www.amazon.com/NYX-Mechanical-Pencil-Deep-Blue/dp/B005G9EA7E/ref=sxin_25_ac_d_tl?ac_md=0-0-TllYIyMjUGVuY2ls-ac_d_tl_tl_t0&content-id=amzn1.sym.54356a7f-b572-4279-bb56-d0022f305c5f%3Aamzn1.sym.54356a7f-b572-4279-bb56-d0022f305c5f&crid=3MFUSBY30FHA4&cv_ct_cx=lakme+eyeliner&keywords=lakme+eyeliner&pd_rd_i=B005G9EA7E&pd_rd_r=28e17501-4b53-4356-afb3-2e2ebc32ab67&pd_rd_w=drJnc&pd_rd_wg=qOxFk&pf_rd_p=54356a7f-b572-4279-bb56-d0022f305c5f&pf_rd_r=CDEW1PRWH28Z4YEKG7J9&psc=1&qid=1667946275&sprefix=lakme+eyeliner%2Caps%2C107&sr=1-1-cce9fb4f-404f-453c-8e5e-0e10e169c39e,"NYX PROFESSIONAL MAKEUP Mechanical Eyeliner Pencil, Deep Blue",1 Count (Pack of 1),4.5 out of 5 stars|4.6 out of 5 stars|4.3 out of 5 stars|4.2 out of 5 stars,"90,933|71,857|5,531|46",$5.49 ,"OvernightFREE delivery Overnight 4 AM - 8 AM on $35 of qualifying items|Overnight|FREE delivery Sat, Nov 12||One-DayFREE delivery Tomorrow, Nov 9|One-Day|FREE delivery Thu, Nov 10|",,https://m.media-amazon.com/images/I/51mLn1ZHM0L._AC_UL320_.jpg|https://m.media-amazon.com/images/I/6108T2vFYDL._AC_UL320_.jpg|https://m.media-amazon.com/images/I/71oWUvRPhJL._AC_UL320_.jpg|https://m.media-amazon.com/images/I/51qamyqAOQL._AC_UL320_.jpg
21,https://www.amazon.com/Maybelline-New-York-Ultra-Liner-Waterproof/dp/B000052WYN/ref=sr_1_14?crid=3MFUSBY30FHA4&keywords=lakme+eyeliner&qid=1667946275&sprefix=lakme+eyeliner%2Caps%2C107&sr=8-14,"Maybelline New York Ultra-Liner Liquid Liner, Waterproof, Black 135L-01 , 0.25 fl oz (7.3 ml)",0.25 Fl Oz (Pack of 1),4.2 out of 5 stars,"8,335",$6.48 ,"FREE delivery Thu, Nov 10|",B000052WYN,https://m.media-amazon.com/images/I/51jNd03oQKL._AC_UL320_.jpg
22,https://www.amazon.com/Kajal-Waterline-Eyeliner-VASANTI-Ophthalmologist/dp/B01GW09XRW/ref=sr_1_15_mod_primary_new?crid=3MFUSBY30FHA4&keywords=lakme+eyeliner&qid=1667946275&sbo=RZvfv%2F%2FHxDF%2BO5021pAnSA%3D%3D&sprefix=lakme+eyeliner%2Caps%2C107&sr=8-15,"VASANTI Kajal Waterline Eyeliner Pencil - Long-lasting, Waterproof, Smudge-proof, Safe for Sensitive Eyes, Waterline Eye Liner - Opthalmologist Approved and Tested (Intense Black)",1 Count (Pack of 1),4.2 out of 5 stars,"3,392|Subscribe & Save|$19.00$19.00|$19.00$19.00|Save more with Subscribe & Save|First Delivery Wed, Nov 9",$19.00 ,"One-DayFREE delivery Tomorrow, Nov 9|One-Day|Small Business|Small Business|Small Business|<img alt="""" src=""https://m.media-amazon.com/images/I/111mHoVK0kL._SS200_.png"" height=""50px"" width=""50px""/>  Small Business|<img alt="""" src=""https://m.media-amazon.com/images/I/111mHoVK0kL._SS200_.png"" height=""50px"" width=""50px""/>  Small Business|First Delivery Wed, Nov 9",B01GW09XRW,https://m.media-amazon.com/images/I/613rrKODYOL._AC_UL320_.jpg|https://m.media-amazon.com/images/I/111mHoVK0kL._SS200_.png|
23,https://www.amazon.com/LOreal-Paris-Voluminous-Smoldering-Sharpener/dp/B07QPM17KY/ref=sr_1_16_mod_primary_sns?crid=3MFUSBY30FHA4&keywords=lakme+eyeliner&qid=1667946275&sbo=GLaw0Fx56FiNH%2FiZ%2B6XKiQ%3D%3D&sprefix=lakme+eyeliner%2Caps%2C107&sr=8-16,"L'Oreal Paris Makeup Eyeliner Voluminous Smoldering Eye Pencil with Custom Sharpener, Kajal Inspired and Richly Intense, Black, 2 Count",2 Count (Pack of 1),4.6 out of 5 stars,"1,804|One-time purchase:|$15.10$15.10 $19.98$19.98|$15.10$15.10 $19.98$19.98|One-DayFREE delivery Tomorrow, Nov 9",$14.35 ,"First Delivery Wed, Nov 9|One-DayFREE delivery Tomorrow, Nov 9|One-Day",B07QPM17KY,https://m.media-amazon.com/images/I/71Gqtm3ZM5L._AC_UL320_.jpg
24,https://www.amazon.com/sspa/click?ie=UTF8&spc=MTo4Njc0NTY2NDIwNTUyNDA1OjE2Njc5NDYyNzU6c3BfbXRmOjIwMDA5MzAyMjg4NDU5ODo6MDo6&sp_csd=d2lkZ2V0TmFtZT1zcF9tdGY&url=%2FCOVERGIRL-Eyeliner-Sharpening-Blending-packaging%2Fdp%2FB001SYWTFG%2Fref%3Dsr_1_17_sspa%3Fcrid%3D3MFUSBY30FHA4%26keywords%3Dlakme%2Beyeliner%26qid%3D1667946275%26sprefix%3Dlakme%2Beyeliner%252Caps%252C107%26sr%3D8-17-spons%26psc%3D1,"COVERGIRL Perfect Point Plus Eyeliner Pencil, Black Onyx Pack of 1, Long-Lasting, Versatile Black Eyeliner, Soft Smudging Tip, No Sharpening Needed",Sponsored,4.4 out of 5 stars,"31,420",$5.94 ,"One-DayFREE delivery Tomorrow, Nov 9 Or FREE delivery Overnight 4 AM - 8 AM on $35 of qualifying items|One-Day",B001SYWTFG,https://m.media-amazon.com/images/I/61lalzREQzL._AC_UL320_.jpg
25,https://www.amazon.com/sspa/click?ie=UTF8&spc=MTo4Njc0NTY2NDIwNTUyNDA1OjE2Njc5NDYyNzU6c3BfbXRmOjIwMDAzMzMzOTQxMjM5ODo6MDo6&sp_csd=d2lkZ2V0TmFtZT1zcF9tdGY&url=%2FNYX-PROFESSIONAL-MAKEUP-Jumbo-Pencil%2Fdp%2FB001TJXI5U%2Fref%3Dsr_1_18_sspa%3Fcrid%3D3MFUSBY30FHA4%26keywords%3Dlakme%2Beyeliner%26qid%3D1667946275%26sprefix%3Dlakme%2Beyeliner%252Caps%252C107%26sr%3D8-18-spons%26psc%3D1,"NYX PROFESSIONAL MAKEUP Jumbo Eye Pencil, Eyeshadow & Eyeliner Pencil - Black Bean",Sponsored,4.3 out of 5 stars,"51,641",$4.50 ,"FREE delivery Fri, Nov 11|",B001TJXI5U,https://m.media-amazon.com/images/I/71fY2hodA4S._AC_UL320_.jpg
26,https://www.amazon.com/sspa/click?ie=UTF8&spc=MTo4Njc0NTY2NDIwNTUyNDA1OjE2Njc5NDYyNzU6c3BfbXRmOjIwMDA1MzI4MTI1NzI5ODo6MDo6&sp_csd=d2lkZ2V0TmFtZT1zcF9tdGY&url=%2FColorStay-Waterproof-Smudgeproof-Longwearing-Ultra-Fine%2Fdp%2FB01J1A3TFW%2Fref%3Dsr_1_19_sspa%3Fcrid%3D3MFUSBY30FHA4%26keywords%3Dlakme%2Beyeliner%26qid%3D1667946275%26sprefix%3Dlakme%2Beyeliner%252Caps%252C107%26sr%3D8-19-spons%26psc%3D1,"Revlon ColorStay Pencil Eyeliner with Built-in Sharpener, Waterproof, Smudgeproof, Longwearing Eye Makeup with Ultra-Fine Tip, 201 Black, 2 Pack",Sponsored,4.6 out of 5 stars,"20,218",$10.72 ,OvernightFREE delivery Overnight 4 AM - 8 AM on $35 of qualifying items|Overnight,B01J1A3TFW,https://m.media-amazon.com/images/I/81RRytp9-+L._AC_UL320_.jpg
27,https://www.amazon.com/sspa/click?ie=UTF8&spc=MTo4Njc0NTY2NDIwNTUyNDA1OjE2Njc5NDYyNzU6c3BfbXRmOjIwMDAzMjQzODcxODI4MTo6MDo6&sp_csd=d2lkZ2V0TmFtZT1zcF9tdGY&url=%2FNYX-Mechanical-Eye-Pencil-Brown%2Fdp%2FB005G9E9FW%2Fref%3Dsr_1_20_sspa%3Fcrid%3D3MFUSBY30FHA4%26keywords%3Dlakme%2Beyeliner%26qid%3D1667946275%26sprefix%3Dlakme%2Beyeliner%252Caps%252C107%26sr%3D8-20-spons%26psc%3D1,"NYX PROFESSIONAL MAKEUP Mechanical Eyeliner Pencil, Brown",Sponsored,4.5 out of 5 stars,"90,933",$4.99 ,OvernightFREE delivery Overnight 4 AM - 8 AM on $35 of qualifying items|Overnight,B005G9E9FW,https://m.media-amazon.com/images/I/51NdWQbNQWL._AC_UL320_.jpg
28,https://www.amazon.com/Rimmel-Scandaleyes-Waterproof-Kajal-Liner/dp/B00DNK5UR2/ref=sr_1_21_mod_primary_new?crid=3MFUSBY30FHA4&keywords=lakme+eyeliner&qid=1667946275&sbo=RZvfv%2F%2FHxDF%2BO5021pAnSA%3D%3D&sprefix=lakme+eyeliner%2Caps%2C107&sr=8-21,"Rimmel Scandaleyes Waterproof Gel Eye Liner Pencil, Black 001",1 Count (Pack of 1),4.3 out of 5 stars,"26,611|Subscribe & Save|$3.79$3.79|$3.79$3.79|5% off $3.99 one-time price|First Delivery Wed, Nov 9",$3.99 ,"One-DayFREE delivery Tomorrow, Nov 9 Or FREE delivery Overnight 4 AM - 8 AM on $35 of qualifying items|One-Day|First Delivery Wed, Nov 9",B00DNK5UR2,https://m.media-amazon.com/images/I/71lC8JV6-CL._AC_UL320_.jpg
29,https://www.amazon.com/NYX-PROFESSIONAL-MAKEUP-Waterproof-Eyeliner/dp/B074Y8LM6T/ref=sr_1_22_mod_primary_new?crid=3MFUSBY30FHA4&keywords=lakme+eyeliner&qid=1667946275&sbo=RZvfv%2F%2FHxDF%2BO5021pAnSA%3D%3D&sprefix=lakme+eyeliner%2Caps%2C107&sr=8-22,"NYX PROFESSIONAL MAKEUP Epic Ink Liner, Waterproof Liquid Eyeliner - Black, Vegan Formula",1 Count (Pack of 1),4.6 out of 5 stars,"71,857|Subscribe & Save|$7.52$7.52|$7.52$7.52|5% off $7.92 one-time price<label>Extra 50% off</label> when you subscribeExtra 50% off  when you subscribe|Extra 50% off|First Delivery Wed, Nov 9",$7.92 ,"OvernightFREE delivery Overnight 4 AM - 8 AM on $35 of qualifying items|Overnight|First Delivery Wed, Nov 9",B074Y8LM6T,https://m.media-amazon.com/images/I/61MlC7rEJPL._AC_UL320_.jpg
30,https://www.amazon.com/1Black-Eyeliner-Eyebrow-Brushes-Included/dp/B00T3VL8BC/ref=sr_1_23_mod_primary_new?crid=3MFUSBY30FHA4&keywords=lakme+eyeliner&qid=1667946275&sbo=RZvfv%2F%2FHxDF%2BO5021pAnSA%3D%3D&sprefix=lakme+eyeliner%2Caps%2C107&sr=8-23,"UCANBE 2 in 1 Black and Brown Gel Eyeliner Set Water Proof Smudge Proof, Last for All Day Long, Work Great with Eyebrow, 2 Pcs Eye Makeup Brushes Included",4 Piece Set,4.2 out of 5 stars,"11,203|Subscribe & Save|$5.50$5.50 ($5.50/Count)|$5.50$5.50 ($5.50/Count)|($5.50/Count)|Save more with Subscribe & Save|First Delivery Thu, Nov 10",$5.50 ,"FREE delivery Thu, Nov 10||First Delivery Thu, Nov 10",B00T3VL8BC,https://m.media-amazon.com/images/I/51cyFFOOgwL._AC_UL320_.jpg
31,https://www.amazon.com/LOr%C3%A9al-Paris-Makeup-Infallible-Eyeliner/dp/B004BDVF6A/ref=sr_1_24_mod_primary_new?crid=3MFUSBY30FHA4&keywords=lakme+eyeliner&qid=1667946275&sbo=RZvfv%2F%2FHxDF%2BO5021pAnSA%3D%3D&sprefix=lakme+eyeliner%2Caps%2C107&sr=8-24,"L'Oreal Paris Makeup Infallible Never Fail Original Mechanical Pencil Eyeliner with Built in Sharpener, Black, 1 Count","One-DayFREE delivery Tomorrow, Nov 9 Or FREE delivery Overnight 4 AM - 8 AM on $35 of qualifying items",4.5 out of 5 stars,"21,807|Subscribe & Save|$9.02$9.02|$9.02$9.02|5% off $9.49 one-time price<label>Extra 50% off</label> when you subscribeExtra 50% off  when you subscribe|Extra 50% off|First Delivery Wed, Nov 9",$9.49 ,"One-DayFREE delivery Tomorrow, Nov 9 Or FREE delivery Overnight 4 AM - 8 AM on $35 of qualifying items|One-Day|First Delivery Wed, Nov 9",B004BDVF6A,https://m.media-amazon.com/images/I/51lx9IUcWzL._AC_UL320_.jpg
32,https://www.amazon.com/REVLON-Waterproof-Smudgeproof-Longwearing-Ultra-Fine/dp/B000H3EO3O/ref=sr_1_25_mod_primary_new?crid=3MFUSBY30FHA4&keywords=lakme+eyeliner&qid=1667946275&sbo=RZvfv%2F%2FHxDF%2BO5021pAnSA%3D%3D&sprefix=lakme+eyeliner%2Caps%2C107&sr=8-25,"Pencil Eyeliner by Revlon, ColorStay Eye Makeup with Built-in Sharpener, Waterproof, Smudgeproof, Longwearing with Ultra-Fine Tip, 201 Black, 0.01 Oz",0.01 Ounce (Pack of 1),4.6 out of 5 stars,"20,218|Subscribe & Save|$5.69$5.69|$5.69$5.69|5% off $5.99 one-time price|First Delivery Fri, Nov 11",$5.99 ,"FREE delivery Fri, Nov 11||First Delivery Fri, Nov 11",B000H3EO3O,https://m.media-amazon.com/images/I/71tl2PadQpL._AC_UL320_.jpg
33,https://www.amazon.com/Kajal-Waterline-Eyeliner-VASANTI-SLATE/dp/B07X2LS4QD/ref=sr_1_26_mod_primary_new?crid=3MFUSBY30FHA4&keywords=lakme+eyeliner&qid=1667946275&sbo=RZvfv%2F%2FHxDF%2BO5021pAnSA%3D%3D&sprefix=lakme+eyeliner%2Caps%2C107&sr=8-26,"VASANTI Kajal Waterline Eyeliner Pencil - Long-lasting, Waterproof, Smudge-proof, Safe for Sensitive Eyes, Waterline Eye Liner - Opthalmologist Approved and Tested (Slate Grey)",1 Count (Pack of 1),4.2 out of 5 stars,"3,392|Subscribe & Save|$19.00$19.00 ($19.00/Count)|$19.00$19.00 ($19.00/Count)|($19.00/Count)|Save more with Subscribe & Save|First Delivery Wed, Nov 9",$19.00 ,"One-DayFREE delivery Tomorrow, Nov 9|One-Day|Small Business|Small Business|Small Business|<img alt="""" src=""https://m.media-amazon.com/images/I/111mHoVK0kL._SS200_.png"" height=""50px"" width=""50px""/>  Small Business|<img alt="""" src=""https://m.media-amazon.com/images/I/111mHoVK0kL._SS200_.png"" height=""50px"" width=""50px""/>  Small Business|First Delivery Wed, Nov 9",B07X2LS4QD,https://m.media-amazon.com/images/I/21X44kfAUoL._AC_UL320_.jpg|https://m.media-amazon.com/images/I/111mHoVK0kL._SS200_.png|
34,https://www.amazon.com/Shahnaz-Herbals-Natural-Long-Lasting-Goodness/dp/B0BCH3P3ZG/ref=sr_1_27?crid=3MFUSBY30FHA4&keywords=lakme+eyeliner&qid=1667946275&sprefix=lakme+eyeliner%2Caps%2C107&sr=8-27,Shahnaz Husain Herbals Natural Kajal | Shaeyes Plus | Long-Lasting Kajal for Eyes | Goodness of Natural Oils and Herbal Extract | 2 grams,1 Count (Pack of 1),,,$14.40 ,"FREE delivery Fri, Nov 11|",B0BCH3P3ZG,https://m.media-amazon.com/images/I/71in05Acj7L._AC_UL320_.jpg
35,https://www.amazon.com/Rimmel-exaggerate-waterproof-definer-blackest/dp/B07NX61ZHN/ref=sr_1_28_mod_primary_sns?crid=3MFUSBY30FHA4&keywords=lakme+eyeliner&qid=1667946275&sbo=GLaw0Fx56FiNH%2FiZ%2B6XKiQ%3D%3D&sprefix=lakme+eyeliner%2Caps%2C107&sr=8-28,"Rimmel London exaggerate auto waterproof eye definer in blackest black, 2 Count",2 Count (Pack of 1),4.6 out of 5 stars,"15,025|One-time purchase:|$6.97$6.97 $11.98$11.98|$6.97$6.97 $11.98$11.98|Save 5% on 4 select item(s)|One-DayFREE delivery Tomorrow, Nov 9 Or FREE delivery Overnight 4 AM - 8 AM on $35 of qualifying items",$6.62 ,"First Delivery Wed, Nov 9|One-DayFREE delivery Tomorrow, Nov 9 Or FREE delivery Overnight 4 AM - 8 AM on $35 of qualifying items|One-Day",B07NX61ZHN,https://m.media-amazon.com/images/I/51AzOAWnQrL._AC_UL320_.jpg
36,https://www.amazon.com/Physicians-Formula-Booster-Boosting-Eyeliner/dp/B06Y1WQDKF/ref=sr_1_29_mod_primary_sns?crid=3MFUSBY30FHA4&keywords=lakme+eyeliner&qid=1667946275&sbo=GLaw0Fx56FiNH%2FiZ%2B6XKiQ%3D%3D&sprefix=lakme+eyeliner%2Caps%2C107&sr=8-29,"Physicians Formula Ultra-Fine Liquid Eyeliner Dark Brown, Dermatologist Approved",1 Count (Pack of 1),4.4 out of 5 stars,"10,133|One-time purchase:|$8.04$8.04 $11.99$11.99|$8.04$8.04 $11.99$11.99|Save 5% on 4 select item(s)|OvernightFREE delivery Overnight 4 AM - 8 AM on $35 of qualifying items",$7.64 ,"First Delivery Wed, Nov 9|OvernightFREE delivery Overnight 4 AM - 8 AM on $35 of qualifying items|Overnight",B06Y1WQDKF,https://m.media-amazon.com/images/I/612TH5fp5LL._AC_UL320_.jpg
37,https://www.amazon.com/LOreal-Paris-Infallible-Precision-Waterproof/dp/B09S8HDMJM/ref=sr_1_30_mod_primary_sns?crid=3MFUSBY30FHA4&keywords=lakme+eyeliner&qid=1667946275&sbo=GLaw0Fx56FiNH%2FiZ%2B6XKiQ%3D%3D&sprefix=lakme+eyeliner%2Caps%2C107&sr=8-30,"L'Oreal Paris L’Oreal Paris Makeup Infallible Grip Precision Felt Eyeliner, Smudge Resistant, Long Lasting Waterproof Eyeliner, Grey, Grey, 0.03 fl oz",0.03 Fl Oz (Pack of 1),4.3 out of 5 stars,"659|One-time purchase:|$8.99$8.99 $11.99$11.99|$8.99$8.99 $11.99$11.99|One-DayFREE delivery Tomorrow, Nov 9",$8.54 ,"First Delivery Wed, Nov 9|One-DayFREE delivery Tomorrow, Nov 9|One-Day",B09S8HDMJM,https://m.media-amazon.com/images/I/61R+E-8BUgL._AC_UL320_.jpg
38,https://www.amazon.com/Black-Radiance-Liquid-Eyeliner-Fluid/dp/B00112BTM4/ref=sr_1_31_mod_primary_new?crid=3MFUSBY30FHA4&keywords=lakme+eyeliner&qid=1667946275&sbo=RZvfv%2F%2FHxDF%2BO5021pAnSA%3D%3D&sprefix=lakme+eyeliner%2Caps%2C107&sr=8-31,"Black Radiance Fine Line Liquid Eyeliner, Black, 0.12 Fluid Ounce",0.12 Fl Oz (Pack of 1),4.3 out of 5 stars,"1,759|Subscribe & Save|$1.89$1.89|$1.89$1.89|5% off $1.99 one-time price|",$1.99 ,FREE delivery for Prime members|,B00112BTM4,https://m.media-amazon.com/images/I/61Qb6brgw-L._AC_UL320_.jpg
39,https://www.amazon.com/Maybelline-New-York-TattooStudio-Resistant/dp/B07PJZD7KF/ref=sr_1_32_mod_primary_new?crid=3MFUSBY30FHA4&keywords=lakme+eyeliner&qid=1667946275&sbo=RZvfv%2F%2FHxDF%2BO5021pAnSA%3D%3D&sprefix=lakme+eyeliner%2Caps%2C107&sr=8-32,"Maybelline New York Tattoo Studio Liquid Ink Eyeliner Makeup, up to 36HR Wear, Sweat Resistant, Smudge Resistant, Ink Black, 0.08 Fl.Oz",0.08 Fl Oz (Pack of 1),4.2 out of 5 stars,"6,457|Subscribe & Save|$7.58$7.58|$7.58$7.58|5% off $7.98 one-time price|First Delivery Wed, Nov 9",$7.98 ,"One-DayFREE delivery Tomorrow, Nov 9 Or FREE delivery Overnight 4 AM - 8 AM on $35 of qualifying items|One-Day|First Delivery Wed, Nov 9",B07PJZD7KF,https://m.media-amazon.com/images/I/61MN35uIeBL._AC_UL320_.jpg
40,https://www.amazon.com/sspa/click?ie=UTF8&spc=MTo4Njc0NTY2NDIwNTUyNDA1OjE2Njc5NDYyNzU6c3BfbXRmOjIwMDA0NTczMDY5NjE5ODo6MDo6&sp_csd=d2lkZ2V0TmFtZT1zcF9tdGY&url=%2FK7L-Cosmetics-Waterproof-Eyeliner-Pencil%2Fdp%2FB07YYQ6W13%2Fref%3Dsr_1_33_sspa%3Fcrid%3D3MFUSBY30FHA4%26keywords%3Dlakme%2Beyeliner%26qid%3D1667946275%26sprefix%3Dlakme%2Beyeliner%252Caps%252C107%26sr%3D8-33-spons%26psc%3D1,Cream White - Crema - Eyeliner Pencil For Women - K7L Cosmetics,Sponsored,4.1 out of 5 stars,409,$18.00 ,"FREE delivery Thu, Nov 10||Small Business|Small Business|Small Business|<img alt="""" src=""https://m.media-amazon.com/images/I/111mHoVK0kL._SS200_.png"" height=""50px"" width=""50px""/>  Small Business|<img alt="""" src=""https://m.media-amazon.com/images/I/111mHoVK0kL._SS200_.png"" height=""50px"" width=""50px""/>  Small Business",B07YYQ6W13,https://m.media-amazon.com/images/I/91DV0OhkZ7L._AC_UL320_.jpg|https://m.media-amazon.com/images/I/111mHoVK0kL._SS200_.png|
41,https://www.amazon.com/sspa/click?ie=UTF8&spc=MTo4Njc0NTY2NDIwNTUyNDA1OjE2Njc5NDYyNzU6c3BfbXRmOjIwMDAyOTIwOTkwMDk5ODo6MDo6&sp_csd=d2lkZ2V0TmFtZT1zcF9tdGY&url=%2FBoobeen-Eyeliner-Waterproof-Smudge-proof-Long-lasting%2Fdp%2FB09JWLMRGC%2Fref%3Dsr_1_34_sspa%3Fcrid%3D3MFUSBY30FHA4%26keywords%3Dlakme%2Beyeliner%26qid%3D1667946275%26sprefix%3Dlakme%2Beyeliner%252Caps%252C107%26sr%3D8-34-spons%26psc%3D1,Boobeen Eyeliner Waterproof Gel Eyeliner Smudge-proof Eye Liner Gel Makeup High Pigment Eye Makeup Set Easy to Apply Long-lasting For All Day,Sponsored,4.1 out of 5 stars,287,$9.99 ,"FREE delivery Thu, Nov 10|",B09JWLMRGC,https://m.media-amazon.com/images/I/71kfP3c5VNL._AC_UL320_.jpg
42,https://www.amazon.com/sspa/click?ie=UTF8&spc=MTo4Njc0NTY2NDIwNTUyNDA1OjE2Njc5NDYyNzU6c3BfbXRmOjIwMDA5MTM4MDU2MTQ5ODo6MDo6&sp_csd=d2lkZ2V0TmFtZT1zcF9tdGY&url=%2FCOVERGIRL-Perfect-Waterproof-Eyeliner-packaging%2Fdp%2FB00C67ED30%2Fref%3Dsr_1_35_sspa%3Fcrid%3D3MFUSBY30FHA4%26keywords%3Dlakme%2Beyeliner%26qid%3D1667946275%26sprefix%3Dlakme%2Beyeliner%252Caps%252C107%26sr%3D8-35-spons%26psc%3D1,"COVERGIRL Ink It By Perfect Point Plus Long Lasting Waterproof Eyeliner, Black, 0.012 Oz (Pack of 1)",Sponsored,4.5 out of 5 stars,"9,607",$3.95 ,OvernightFREE delivery Overnight 4 AM - 8 AM on $35 of qualifying items|Overnight,B00C67ED30,https://m.media-amazon.com/images/I/41mBOfE5gTL._AC_UL320_.jpg
43,https://www.amazon.com/sspa/click?ie=UTF8&spc=MTo4Njc0NTY2NDIwNTUyNDA1OjE2Njc5NDYyNzU6c3BfbXRmOjIwMDA0OTk3NjI1OTI5ODo6MDo6&sp_csd=d2lkZ2V0TmFtZT1zcF9tdGY&url=%2FLAURA-GELLER-NEW-YORK-Longwear%2Fdp%2FB086FL15F6%2Fref%3Dsr_1_36_sspa%3Fcrid%3D3MFUSBY30FHA4%26keywords%3Dlakme%2Beyeliner%26qid%3D1667946275%26sprefix%3Dlakme%2Beyeliner%252Caps%252C107%26sr%3D8-36-spons%26psc%3D1,"LAURA GELLER NEW YORK Kajal Longwear Kohl Eyeliner Pencil with Caffeine, Smooth & Blendable Makeup, Dark Brown",Sponsored,4.3 out of 5 stars,"1,389",$21.99 ,"One-DayFREE delivery Tomorrow, Nov 9|One-Day|Small Business|Small Business|Small Business|<img alt="""" src=""https://m.media-amazon.com/images/I/111mHoVK0kL._SS200_.png"" height=""50px"" width=""50px""/>  Small Business|<img alt="""" src=""https://m.media-amazon.com/images/I/111mHoVK0kL._SS200_.png"" height=""50px"" width=""50px""/>  Small Business",B086FL15F6,https://m.media-amazon.com/images/I/71giL5mJ+5L._AC_UL320_.jpg|https://m.media-amazon.com/images/I/111mHoVK0kL._SS200_.png|
44,https://www.amazon.com/LOreal-Paris-Infallible-Mechanical-Sharpener/dp/B005EII5BY/ref=sr_1_37_mod_primary_sns?crid=3MFUSBY30FHA4&keywords=lakme+eyeliner&qid=1667946275&sbo=GLaw0Fx56FiNH%2FiZ%2B6XKiQ%3D%3D&sprefix=lakme+eyeliner%2Caps%2C107&sr=8-37,"L'Oreal Paris Makeup Infallible Never Fail Original Mechanical Pencil Eyeliner with Built in Sharpener, Navy, 0.008 oz.",1 Count (Pack of 1),4.5 out of 5 stars,"21,807|One-time purchase:|$8.47$8.47 $9.49$9.49|$8.47$8.47 $9.49$9.49|One-DayFREE delivery Tomorrow, Nov 9 Or FREE delivery Overnight 4 AM - 8 AM on $35 of qualifying items",$8.05 ,"First Delivery Wed, Nov 9|One-DayFREE delivery Tomorrow, Nov 9 Or FREE delivery Overnight 4 AM - 8 AM on $35 of qualifying items|One-Day",B005EII5BY,https://m.media-amazon.com/images/I/51qpvinm0TL._AC_UL320_.jpg
45,https://www.amazon.com/Boobeen-Eyeliner-Waterproof-Smudge-proof-Long-lasting/dp/B09JWLF8DX/ref=sr_1_38_mod_primary_new?crid=3MFUSBY30FHA4&keywords=lakme+eyeliner&qid=1667946275&sbo=RZvfv%2F%2FHxDF%2BO5021pAnSA%3D%3D&sprefix=lakme+eyeliner%2Caps%2C107&sr=8-38,Boobeen Eyeliner Waterproof Gel Eyeliner Smudge-proof Eye Liner Gel Makeup High Pigment Eye Makeup Set Easy to Apply Long-lasting For All Day,2 Piece Set,4.1 out of 5 stars,"287|Subscribe & Save|$9.99$9.99|$9.99$9.99|Save more with Subscribe & Save|First Delivery Thu, Nov 10",$9.99 ,"FREE delivery Thu, Nov 10||First Delivery Thu, Nov 10",B09JWLF8DX,https://m.media-amazon.com/images/I/619UzyjApVL._AC_UL320_.jpg
46,https://www.amazon.com/Paris-Voluminous-Smoldering-Eyeliner-Packaging/dp/B005EIIAPA/ref=sr_1_39_mod_primary_new?crid=3MFUSBY30FHA4&keywords=lakme+eyeliner&qid=1667946275&sbo=RZvfv%2F%2FHxDF%2BO5021pAnSA%3D%3D&sprefix=lakme+eyeliner%2Caps%2C107&sr=8-39,"L'Oreal Paris Voluminous Smoldering Eyeliner, Black (Packaging May Vary)",1 Count (Pack of 1),4.6 out of 5 stars,"6,705|Subscribe & Save|$8.16$8.16 ($8.16/Count)|$8.16$8.16 ($8.16/Count)|($8.16/Count)|5% off $8.59 one-time price|",$8.59 ,FREE delivery for Prime members|,B005EIIAPA,https://m.media-amazon.com/images/I/718YYhoDjlL._AC_UL320_.jpg
47,https://www.amazon.com/COVERGIRL-Perfect-Eyeliner-Packaging-Blending/dp/B00C674O4I/ref=sr_1_40_mod_primary_new?crid=3MFUSBY30FHA4&keywords=lakme+eyeliner&qid=1667946275&sbo=RZvfv%2F%2FHxDF%2BO5021pAnSA%3D%3D&sprefix=lakme+eyeliner%2Caps%2C107&sr=8-40,"COVERGIRL Perfect Blend Eyeliner Pencil, Smoky Taupe 130 (1 Count) (Packaging May Vary) Eyeliner Pencil with Blending Tip",1 Count (Pack of 1),4.3 out of 5 stars,"2,690|Subscribe & Save|$4.22$4.22|$4.22$4.22|5% off $4.44 one-time price|First Delivery Wed, Nov 9",$4.44 ,"OvernightFREE delivery Overnight 4 AM - 8 AM on $35 of qualifying items|Overnight|First Delivery Wed, Nov 9",B00C674O4I,https://m.media-amazon.com/images/I/61Ea19uZOgL._AC_UL320_.jpg
48,https://www.amazon.com/Honest-Beauty-Eyeliner-Transfer-Ophthalmologist/dp/B07VQ7XSZY/ref=sr_1_41_mod_primary_new?crid=3MFUSBY30FHA4&keywords=lakme+eyeliner&qid=1667946275&sbo=RZvfv%2F%2FHxDF%2BO5021pAnSA%3D%3D&sprefix=lakme+eyeliner%2Caps%2C107&sr=8-41,"Honest Beauty Liquid Eyeliner Vegan Smudge Flake Transfer Proof Carbon Free Silicone Free Cruelty Free Ophthalmologist Tested 0.058 fl. oz, Black",0.06 Fl Oz (Pack of 1),4.2 out of 5 stars,"3,242|Subscribe & Save|$12.34$12.34|$12.34$12.34|5% off $12.99 one-time price<label>Extra 15% off</label> when you subscribeExtra 15% off  when you subscribe|Extra 15% off|First Delivery Wed, Nov 9",$12.99 ,"OvernightFREE delivery Overnight 4 AM - 8 AM on $35 of qualifying items|Overnight|Climate Pledge Friendly|Climate Pledge Friendly|Climate Pledge Friendly|<img alt="""" src=""https://m.media-amazon.com/images/I/216-OX9rBaL._SS200_.png"" height=""50px"" width=""50px""/>  Climate Pledge Friendly|<img alt="""" src=""https://m.media-amazon.com/images/I/216-OX9rBaL._SS200_.png"" height=""50px"" width=""50px""/>  Climate Pledge Friendly|<img alt="""" src=""https://m.media-amazon.com/images/I/31OPjlesFNL._SS200_.png"" height=""50px"" width=""50px""/> EWG Verified|First Delivery Wed, Nov 9",B07VQ7XSZY,https://m.media-amazon.com/images/I/41FM8RWIbNL._AC_UL320_.jpg|https://m.media-amazon.com/images/I/216-OX9rBaL._SS200_.png||
49,https://www.amazon.com/Almay-Eyeliner-Liner-Ball-Point/dp/B01MUVRPJ5/ref=sr_1_42?crid=3MFUSBY30FHA4&keywords=lakme+eyeliner&qid=1667946275&sprefix=lakme+eyeliner%2Caps%2C107&sr=8-42,"Almay Pen Eyeliner Eye Liner Ball Point Tip, 210 Navy (Pack of 2)",2 Count (Pack of 1),4.4 out of 5 stars,66,$7.00 ,"FREE delivery Thu, Nov 10|",B01MUVRPJ5,https://m.media-amazon.com/images/I/41XVA2-gMHL._AC_UL320_.jpg
50,https://www.amazon.com/Milani-Matte-Liquid-Liner-Black/dp/B01L30XNPO/ref=sr_1_43?crid=3MFUSBY30FHA4&keywords=lakme+eyeliner&qid=1667946275&sprefix=lakme+eyeliner%2Caps%2C107&sr=8-43,"Milani Stay Put Matte Liquid Eyeliner - Liquid Eyeliner Pen, Long Lasting & Smudgeproof Makeup Pen Black",1 Count (Pack of 1),4.4 out of 5 stars,"3,842",,"Small Business|Small Business|Small Business|<img alt="""" src=""https://m.media-amazon.com/images/I/111mHoVK0kL._SS200_.png"" height=""50px"" width=""50px""/>  Small Business|<img alt="""" src=""https://m.media-amazon.com/images/I/111mHoVK0kL._SS200_.png"" height=""50px"" width=""50px""/>  Small Business",B01L30XNPO,https://m.media-amazon.com/images/I/61gja3Jy2aL._AC_UL320_.jpg|https://m.media-amazon.com/images/I/111mHoVK0kL._SS200_.png|
51,https://www.amazon.com/Italia-Deluxe-Liquid-Eyeliner-Waterproof/dp/B06XMR4F9K/ref=sr_1_44?crid=3MFUSBY30FHA4&keywords=lakme+eyeliner&qid=1667946275&sprefix=lakme+eyeliner%2Caps%2C107&sr=8-44,Italia Deluxe Matte Liquid Eyeliner Waterproof (3pcs),3 Count (Pack of 1),4.3 out of 5 stars,"1,215",$7.18 ,"FREE delivery Sat, Nov 12|",B06XMR4F9K,https://m.media-amazon.com/images/I/61J16c4OkrL._AC_UL320_.jpg
52,https://www.amazon.com/COVERGIRL-Perfect-Waterproof-Eyeliner-packaging/dp/B00C67ED30/ref=sr_1_45_mod_primary_new?crid=3MFUSBY30FHA4&keywords=lakme+eyeliner&qid=1667946275&sbo=RZvfv%2F%2FHxDF%2BO5021pAnSA%3D%3D&sprefix=lakme+eyeliner%2Caps%2C107&sr=8-45,"COVERGIRL Ink It By Perfect Point Plus Long Lasting Waterproof Eyeliner, Black, 0.012 Oz (Pack of 1)",1 Count (Pack of 1),4.5 out of 5 stars,"9,607|Subscribe & Save|$3.75$3.75|$3.75$3.75|5% off $3.95 one-time price<label>Extra 50% off</label> when you subscribeExtra 50% off  when you subscribe|Extra 50% off|First Delivery Wed, Nov 9",$3.95 ,"OvernightFREE delivery Overnight 4 AM - 8 AM on $35 of qualifying items|Overnight|First Delivery Wed, Nov 9",B00C67ED30,https://m.media-amazon.com/images/I/41mBOfE5gTL._AC_UL320_.jpg
53,https://www.amazon.com/Maybelline-New-York-Eyestudio-Waterproof/dp/B078JHTBRV/ref=sr_1_46_mod_primary_sns?crid=3MFUSBY30FHA4&keywords=lakme+eyeliner&qid=1667946275&sbo=GLaw0Fx56FiNH%2FiZ%2B6XKiQ%3D%3D&sprefix=lakme+eyeliner%2Caps%2C107&sr=8-46,"Maybelline New York Eyestudio Lasting Drama Waterproof Gel Pencil Makeup, Sleek Onyx, 2 Count",2 Count (Pack of 1),4.5 out of 5 stars,"3,984|One-time purchase:|$10.88$10.88|$10.88$10.88|One-DayFREE delivery Tomorrow, Nov 9",$10.34 ,"First Delivery Wed, Nov 9|One-DayFREE delivery Tomorrow, Nov 9|One-Day",B078JHTBRV,https://m.media-amazon.com/images/I/91v3lPj80CL._AC_UL320_.jpg
54,https://www.amazon.com/wild-Breakup-Proof-Liquid-Eyeliner-Black/dp/B082YQ8TXR/ref=sr_1_47_mod_primary_sns?crid=3MFUSBY30FHA4&keywords=lakme+eyeliner&qid=1667946275&sbo=GLaw0Fx56FiNH%2FiZ%2B6XKiQ%3D%3D&sprefix=lakme+eyeliner%2Caps%2C107&sr=8-47,Wet n Wild Mega Last Breakup Proof Liquid Waterproof Eyeliner Brush Tip Pen | Quick Drying | Smudge Resistant| Long Lasting 16 Hour Wear| Precise Ultra Fine | Black,1 Count (Pack of 1),4.5 out of 5 stars,"11,188|One-time purchase:|$5.28$5.28 $6.49$6.49|$5.28$5.28 $6.49$6.49|Save 5% on 4 select item(s)|FREE delivery Thu, Nov 10",$5.02 ,"First Delivery Thu, Nov 10|FREE delivery Thu, Nov 10|",B082YQ8TXR,https://m.media-amazon.com/images/I/61fqBvLANeL._AC_UL320_.jpg
55,https://www.amazon.com/Maybelline-Eyestudio-Lasting-Blackest-Waterproof/dp/B0030HNNS6/ref=sr_1_48_mod_primary_new?crid=3MFUSBY30FHA4&keywords=lakme+eyeliner&qid=1667946275&sbo=RZvfv%2F%2FHxDF%2BO5021pAnSA%3D%3D&sprefix=lakme+eyeliner%2Caps%2C107&sr=8-48,"Maybelline New York Makeup Eyestudio Lasting Drama Gel Eye Liner, Blackest Black, Waterproof, 0.106 Ounce,Pack of 1",Save 5% on 4 select item(s),4.4 out of 5 stars,"13,987|Subscribe & Save|$7.36$7.36|$7.36$7.36|5% off $7.75 one-time price|First Delivery Wed, Nov 9",$7.75 ,"OvernightFREE delivery Overnight 4 AM - 8 AM on $35 of qualifying items|Overnight|First Delivery Wed, Nov 9",B0030HNNS6,https://m.media-amazon.com/images/I/71j608D4SIL._AC_UL320_.jpg
56,https://www.amazon.com/Rimmel-Exaggerate-Felt-Liner-Black/dp/B00CMFV5V4/ref=sr_1_49_mod_primary_new?crid=3MFUSBY30FHA4&keywords=lakme+eyeliner&qid=1667946275&sbo=RZvfv%2F%2FHxDF%2BO5021pAnSA%3D%3D&sprefix=lakme+eyeliner%2Caps%2C107&sr=8-49,"Rimmel Exaggerate Felt Tip Eye Liner, Black, 0.08 Fl Oz",1 Count (Pack of 1),4.4 out of 5 stars,"2,771|Subscribe & Save|$5.39$5.39|$5.39$5.39|5% off $5.67 one-time price|First Delivery Wed, Nov 9",$5.67 ,"One-DayFREE delivery Tomorrow, Nov 9|One-Day|First Delivery Wed, Nov 9",B00CMFV5V4,https://m.media-amazon.com/images/I/515XyN+smIL._AC_UL320_.jpg
57,https://www.amazon.com/Urban-Decay-Glide-Pencil-Perversion/dp/B006Z79SBE/ref=sr_1_50_mod_primary_new?crid=3MFUSBY30FHA4&keywords=lakme+eyeliner&qid=1667946275&sbo=RZvfv%2F%2FHxDF%2BO5021pAnSA%3D%3D&sprefix=lakme+eyeliner%2Caps%2C107&sr=8-50,"Urban Decay 24/7 Glide-On Waterproof Eyeliner Pencil - Long-Lasting, Ultra-Creamy & Blendable Formula - Sharpenable Tip – Perversion (Blackest Black with Matte Finish) - 0.04 Oz",1 Count (Pack of 1),4.4 out of 5 stars,"6,146|Subscribe & Save|$23.00$23.00|$23.00$23.00|Save more with Subscribe & Save|First Delivery Wed, Nov 9",$23.00 ,"One-DayFREE delivery Tomorrow, Nov 9|One-Day|First Delivery Wed, Nov 9",B006Z79SBE,https://m.media-amazon.com/images/I/61CF7IT7iTL._AC_UL320_.jpg
58,https://www.amazon.com/LOreal-Paris-Signature-Waterproof-Application/dp/B07X83CB1N/ref=sr_1_51?crid=3MFUSBY30FHA4&keywords=lakme+eyeliner&qid=1667946275&sprefix=lakme+eyeliner%2Caps%2C107&sr=8-51,"L'Oreal Paris Makeup Matte Signature Liquid Dip Eyeliner, Waterproof, Precise and Easy Application, All Day Wear, Vivid Matte Finish, Black, 0.07 fl; Oz.",0.07 Fl Oz (Pack of 1),4.3 out of 5 stars,"1,510",,,B07X83CB1N,https://m.media-amazon.com/images/I/71Dw3OuKf6L._AC_UL320_.jpg
59,https://www.amazon.com/Eyeliner-Stamp-WingLiner-Waterproof-Smudgeproof/dp/B07GM317JJ/ref=sr_1_52_mod_primary_new?crid=3MFUSBY30FHA4&keywords=lakme+eyeliner&qid=1667946275&sbo=RZvfv%2F%2FHxDF%2BO5021pAnSA%3D%3D&sprefix=lakme+eyeliner%2Caps%2C107&sr=8-52,"Winged Eyeliner Stamp – The Flick Stick by Lovoir, Easy Cat Eye Stencil Makeup Tool, SmudgeProof & Waterpoof Liquid Eye liner Pen, Vamp Style Wing, Wingliner (10mm Classic, Midnight Black)",1 Count (Pack of 1),4.2 out of 5 stars,"29,835|Subscribe & Save|$13.48$13.48 ($6.74/Count)|$13.48$13.48 ($6.74/Count)|($6.74/Count)|10% off $14.98 one-time price|First Delivery Wed, Nov 9",$14.98 ,"One-DayFREE delivery Tomorrow, Nov 9 Or FREE delivery Overnight 4 AM - 8 AM on $35 of qualifying items|One-Day|First Delivery Wed, Nov 9",B07GM317JJ,https://m.media-amazon.com/images/I/417d7VdsqgL._AC_UL320_.jpg
60,https://www.amazon.com/KYDA-Eyeliner-Waterproof-Longlasting-Brush-Black/dp/B093BJV673/ref=sr_1_53_mod_primary_new?crid=3MFUSBY30FHA4&keywords=lakme+eyeliner&qid=1667946275&sbo=RZvfv%2F%2FHxDF%2BO5021pAnSA%3D%3D&sprefix=lakme+eyeliner%2Caps%2C107&sr=8-53,"KYDA 2 Pcs Eyeliner Cream Set,Waterproof Longlasting Gel Eyeliner Pen Black Eyeliner Cream Natural Smooth Eyeliner Gel Cream,with Brush-Black",3 Piece Set,3.9 out of 5 stars,"201|Subscribe & Save|$9.98$9.98 ($4.99/Count)|$9.98$9.98 ($4.99/Count)|($4.99/Count)|Save more with Subscribe & Save|First Delivery Thu, Nov 10",$9.98 ,"FREE delivery Thu, Nov 10||First Delivery Thu, Nov 10",B093BJV673,https://m.media-amazon.com/images/I/710bkyi0hkL._AC_UL320_.jpg
61,https://www.amazon.com/Paris-Infallible-Pro-Last-Waterproof-Eyeliner/dp/B074PVGQQB/ref=sr_1_54_mod_primary_new?crid=3MFUSBY30FHA4&keywords=lakme+eyeliner&qid=1667946275&sbo=RZvfv%2F%2FHxDF%2BO5021pAnSA%3D%3D&sprefix=lakme+eyeliner%2Caps%2C107&sr=8-54,"L'Oreal Paris Cosmetics Infallible Pro-Last Waterproof Pencil Eyeliner, Black, 0.042 Ounce,1 Count",OvernightFREE delivery Overnight 4 AM - 8 AM on $35 of qualifying items,4.3 out of 5 stars,"12,195|Subscribe & Save|$8.05$8.05|$8.05$8.05|5% off $8.47 one-time price<label>Extra 50% off</label> when you subscribeExtra 50% off  when you subscribe|Extra 50% off|First Delivery Wed, Nov 9",$8.47 ,"OvernightFREE delivery Overnight 4 AM - 8 AM on $35 of qualifying items|Overnight|First Delivery Wed, Nov 9",B074PVGQQB,https://m.media-amazon.com/images/I/51UrcEVInmL._AC_UL320_.jpg
62,https://www.amazon.com/Eternal-Professional-Waterproof-Liquid-Eyeliner/dp/B07WXK8L9P/ref=sr_1_55?crid=3MFUSBY30FHA4&keywords=lakme+eyeliner&qid=1667946275&sprefix=lakme+eyeliner%2Caps%2C107&sr=8-55,"Eternal Professional Waterproof Liquid Eyeliner – Easy Glide, Quick Dry, Long Lasting inkwell with Thin Tip and Non-Smudge Formula – For Natural or Dramatic Effect with Matte Finish",1 Count (Pack of 1),3.7 out of 5 stars,47,$8.50 ,"One-DayFREE delivery Tomorrow, Nov 9|One-Day|Small Business|Small Business|Small Business|<img alt="""" src=""https://m.media-amazon.com/images/I/111mHoVK0kL._SS200_.png"" height=""50px"" width=""50px""/>  Small Business|<img alt="""" src=""https://m.media-amazon.com/images/I/111mHoVK0kL._SS200_.png"" height=""50px"" width=""50px""/>  Small Business",B07WXK8L9P,https://m.media-amazon.com/images/I/31UITd5EaRL._AC_UL320_.jpg|https://m.media-amazon.com/images/I/111mHoVK0kL._SS200_.png|
63,https://www.amazon.com/Maybelline-Eyestudio-Master-Precise-Eyeliner/dp/B085S8T2L3/ref=sr_1_56_mod_primary_new?crid=3MFUSBY30FHA4&keywords=lakme+eyeliner&qid=1667946275&sbo=RZvfv%2F%2FHxDF%2BO5021pAnSA%3D%3D&sprefix=lakme+eyeliner%2Caps%2C107&sr=8-56,"Maybelline Eyestudio Master Precise All Day Waterproof Liquid Eyeliner, Matte Black, 1 Count",Save 5% on 4 select item(s),4.5 out of 5 stars,"28,925|Subscribe & Save|$6.77$6.77|$6.77$6.77|5% off $7.13 one-time price|First Delivery Wed, Nov 9",$7.13 ,"OvernightFREE delivery Overnight 4 AM - 8 AM on $35 of qualifying items|Overnight|First Delivery Wed, Nov 9",B085S8T2L3,https://m.media-amazon.com/images/I/61uo1l-GFCL._AC_UL320_.jpg
64,https://www.amazon.com/Maybelline-New-York-Eyestudio-Defining/dp/B0169YXW6O/ref=sr_1_57_mod_primary_sns?crid=3MFUSBY30FHA4&keywords=lakme+eyeliner&qid=1667946275&sbo=GLaw0Fx56FiNH%2FiZ%2B6XKiQ%3D%3D&sprefix=lakme+eyeliner%2Caps%2C107&sr=8-57,"Maybelline Master Precise Skinny Gel Eyeliner Pencil, Defining Black, 1 Count",0.35 Ounce (Pack of 1),4.5 out of 5 stars,"4,848|One-time purchase:|$7.73$7.73 $8.99$8.99|$7.73$7.73 $8.99$8.99|One-DayFREE delivery Tomorrow, Nov 9 Or FREE delivery Overnight 4 AM - 8 AM on $35 of qualifying items",$7.34 ,"First Delivery Wed, Nov 9|One-DayFREE delivery Tomorrow, Nov 9 Or FREE delivery Overnight 4 AM - 8 AM on $35 of qualifying items|One-Day",B0169YXW6O,https://m.media-amazon.com/images/I/7137RkrOVZL._AC_UL320_.jpg
65,https://www.amazon.com/Annabelle-Waterline-Matte-Eyeliner-Blackest/dp/B073ZG6QB9/ref=sr_1_58_mod_primary_new?crid=3MFUSBY30FHA4&keywords=lakme+eyeliner&qid=1667946275&sbo=RZvfv%2F%2FHxDF%2BO5021pAnSA%3D%3D&sprefix=lakme+eyeliner%2Caps%2C107&sr=8-58,"Annabelle Waterline Matte Kohl Eyeliner, Blackest Black",0.04 Ounce (Pack of 1),4.3 out of 5 stars,"3,026|Subscribe & Save|$11.01$11.01|$11.01$11.01|5% off $11.59 one-time price<label>Extra 50% off</label> when you subscribeExtra 50% off  when you subscribe|Extra 50% off|First Delivery Wed, Nov 9",$11.59 ,"One-DayFREE delivery Tomorrow, Nov 9|One-Day|First Delivery Wed, Nov 9",B073ZG6QB9,https://m.media-amazon.com/images/I/51fYx9dIYbL._AC_UL320_.jpg
66,https://www.amazon.com/Maybelline-Unstoppable-Smudge-Proof-Eyeliner-Waterproof/dp/B078JDLN8R/ref=sr_1_59_mod_primary_sns?crid=3MFUSBY30FHA4&keywords=lakme+eyeliner&qid=1667946275&sbo=GLaw0Fx56FiNH%2FiZ%2B6XKiQ%3D%3D&sprefix=lakme+eyeliner%2Caps%2C107&sr=8-59,"Maybelline Unstoppable Waterproof Mechanical Eyeliner, Onyx, 2 Count",2 Count (Pack of 1),4.6 out of 5 stars,"19,046|One-time purchase:|$9.88$9.88|$9.88$9.88|FREE delivery for Prime members",$9.39 ,|FREE delivery for Prime members,B078JDLN8R,https://m.media-amazon.com/images/I/719KGk++TML._AC_UL320_.jpg
67,https://www.amazon.com/sspa/click?ie=UTF8&spc=MTo4Njc0NTY2NDIwNTUyNDA1OjE2Njc5NDYyNzU6c3BfYnRmOjIwMDEwNjIwMTYwMzYzMTo6MDo6&sp_csd=d2lkZ2V0TmFtZT1zcF9idGY&url=%2FAlmay-Longlasting-Waterproof-HighPerforming-EasytoSharpen%2Fdp%2FB08MRZ4RK7%2Fref%3Dsr_1_60_sns_sspa%3Fcrid%3D3MFUSBY30FHA4%26keywords%3Dlakme%2Beyeliner%26qid%3D1667946275%26sprefix%3Dlakme%2Beyeliner%252Caps%252C107%26sr%3D8-60-spons%26psc%3D1,"Gel Eyeliner by Almay, Waterproof, Fade-Proof Eye Makeup, Easy-to-Sharpen Liner Pencil, 140 Deep Chestnut, 0.045 Oz",Sponsored,4.2 out of 5 stars,"2,989",$6.07 ,"First Delivery Fri, Nov 11|Climate Pledge Friendly|Climate Pledge Friendly|Climate Pledge Friendly|<img alt="""" src=""https://m.media-amazon.com/images/I/216-OX9rBaL._SS200_.png"" height=""50px"" width=""50px""/>  Climate Pledge Friendly|<img alt="""" src=""https://m.media-amazon.com/images/I/216-OX9rBaL._SS200_.png"" height=""50px"" width=""50px""/>  Climate Pledge Friendly|<img alt="""" src=""https://m.media-amazon.com/images/I/31OPjlesFNL._SS200_.png"" height=""50px"" width=""50px""/> EWG Verified",B08MRZ4RK7,https://m.media-amazon.com/images/I/71+8Cc7pToL._AC_UL320_.jpg|https://m.media-amazon.com/images/I/216-OX9rBaL._SS200_.png||
68,https://aax-us-iad.amazon.com/x/c/ROIT3DUCc8dDAiDoaDbI0YEAAAGEWVhi3wEAAAH2AQBOL0EgICAgICAgICAgICBOL0EgICAgICAgICAgICC_CZ0v/https://www.amazon.com/dp/B086FV2Y7T?pd_rd_i=B086FV2Y7T&pf_rd_p=55defc4a-7c1e-47a7-8d1d-5cc458cca688&pf_rd_r=CDEW1PRWH28Z4YEKG7J9&pd_rd_wg=yQSM7&pd_rd_w=u93Uh&pd_rd_r=296b7be8-cbfa-40a1-bbb4-2d5ea740f8f3,"LAURA GELLER NEW YORK Kajal Longwear Kohl Eyeliner Pencil with Caffeine, Smooth & Blendable Makeup, Deep Black",Sponsored,4.3 out of 5 stars,"1,389",$20.85 ,"One-DayFREE delivery Tomorrow, Nov 9|One-Day",,
69,https://www.amazon.com/sspa/click?ie=UTF8&spc=MTo3Mjg3NDA4MzAxNzQzNzg5OjE2Njg4MDI1NDE6c3BfYXRmOjIwMDA3ODY4NTIxODc5ODo6MDo6&url=%2FNYX-PROFESSIONAL-MAKEUP-Shaping-Contouring%2Fdp%2FB00791F4KY%2Fref%3Dsr_1_1_sspa%3Fcrid%3D1I9ZK9X1J1OZQ%26keywords%3Dcontour%26qid%3D1668802541%26sprefix%3Dcontour%252Caps%252C86%26sr%3D8-1-spons%26sp_csd%3Dd2lkZ2V0TmFtZT1zcF9hdGY%26psc%3D1,"NYX PROFESSIONAL MAKEUP Wonder Stick, Face Shaping & Contouring Stick - Universal Light",Sponsored,4.2 out of 5 stars,"23,909",$13.97 ,"FREE delivery Fri, Nov 25 on $25 of items shipped by AmazonOr fastest delivery Sun, Nov 20|",B00791F4KY,https://m.media-amazon.com/images/I/61WBHQ1qWmL._AC_UL320_.jpg
70,https://www.amazon.com/LOreal-Paris-Infallible-Longwear-Foundation/dp/B07BMY42F9/ref=sr_1_2?crid=1I9ZK9X1J1OZQ&keywords=contour&qid=1668802541&sprefix=contour%2Caps%2C86&sr=8-2,"L'Oreal Paris Makeup Infallible Longwear Shaping Stick Foundation, 411 Chestnut, 1 Tube, 0.32 Ounce",0.32 Ounce (Pack of 1),4.4 out of 5 stars,"3,818",$6.77 ,"FREE delivery Fri, Nov 25 on $25 of items shipped by AmazonOr fastest delivery Sun, Nov 20|",B07BMY42F9,https://m.media-amazon.com/images/I/51MzlfW8yNL._AC_UL320_.jpg
71,https://www.amazon.com/wet-wild-MegaGlo-Dual-Ended-Contour/dp/B01D8BV4VG/ref=sr_1_3?crid=1I9ZK9X1J1OZQ&keywords=contour&qid=1668802541&sprefix=contour%2Caps%2C86&sr=8-3,"wet n wild MegaGlo Dual-Ended Contour Stick, Light Medium by Wet 'n' Wild",0.28 Ounce (Pack of 1),4.3 out of 5 stars,"3,088",$5.28 ,"FREE delivery Fri, Nov 25 on $25 of items shipped by AmazonOr fastest delivery Sun, Nov 20|",B01D8BV4VG,https://m.media-amazon.com/images/I/61I-ObTpF0L._AC_UL320_.jpg
72,https://www.amazon.com/Wet-Wild-Megaglo-Makeup-806/dp/B01MZ7A0OF/ref=sr_1_4?crid=1I9ZK9X1J1OZQ&keywords=contour&qid=1668802541&sprefix=contour%2Caps%2C86&sr=8-4,"Wet n Wild MegaGlo Makeup Stick Conceal and Contour Brown Where's Walnut?,1.1 Ounce (Pack of 1),806",1.1 Ounce (Pack of 1),4.3 out of 5 stars,"1,845",$3.99 ,FREE delivery on $25 shipped by Amazon.,B01MZ7A0OF,https://m.media-amazon.com/images/I/71wkKscXeAL._AC_UL320_.jpg
73,https://www.amazon.com/Cover-Fx-Power-Play-Concealer/dp/B07P4M982Y/ref=sxin_16_pa_sp_search_thematic_mod_primary_new?content-id=amzn1.sym.4e7a2229-074e-44de-95c4-9fd858f46295%3Aamzn1.sym.4e7a2229-074e-44de-95c4-9fd858f46295&crid=1I9ZK9X1J1OZQ&cv_ct_cx=contour&keywords=contour&pd_rd_i=B07P4M982Y&pd_rd_r=4ef23a28-49eb-48fc-8129-b9bf927aa641&pd_rd_w=MQBNz&pd_rd_wg=XS7GT&pf_rd_p=4e7a2229-074e-44de-95c4-9fd858f46295&pf_rd_r=ZPF1SEJ3DAYJY9KZZ80G&qid=1668802541&sbo=RZvfv%2F%2FHxDF%2BO5021pAnSA%3D%3D&sprefix=contour%2Caps%2C86&sr=1-1-a73d1c8c-2fd2-4f19-aa41-2df022bcb241,"Cover FX Power Play Concealer: Crease-Proof, Transfer-Proof Concealer Provide 16-hour Full Coverage with Powerful Pollution Defense-N Fair 2, 0.33 Fl Oz",Sponsored | Based on star rating and number of customer ratings,4.5 out of 5 stars|4.1 out of 5 stars|4.3 out of 5 stars|4.1 out of 5 stars|4.5 out of 5 stars,"554|456|1,469|4,423|812",$23.00 ,"Small Business|Small Business|Small Business|<img alt="""" src=""https://m.media-amazon.com/images/I/111mHoVK0kL._SS200_.png"" height=""50px"" width=""50px""/>  Small Business|<img alt="""" src=""https://m.media-amazon.com/images/I/111mHoVK0kL._SS200_.png"" height=""50px"" width=""50px""/>  Small Business|Small Business|Small Business|Small Business|<img alt="""" src=""https://m.media-amazon.com/images/I/111mHoVK0kL._SS200_.png"" height=""50px"" width=""50px""/>  Small Business|<img alt="""" src=""https://m.media-amazon.com/images/I/111mHoVK0kL._SS200_.png"" height=""50px"" width=""50px""/>  Small Business",,https://m.media-amazon.com/images/I/61hBtGTYGoL._AC_UL320_.jpg|https://m.media-amazon.com/images/I/111mHoVK0kL._SS200_.png||https://m.media-amazon.com/images/I/61zsIu4RPlL._AC_UL320_.jpg|https://m.media-amazon.com/images/I/71DlljLCdNL._AC_UL320_.jpg|https://m.media-amazon.com/images/I/111mHoVK0kL._SS200_.png||https://m.media-amazon.com/images/I/614J9gDEWhL._AC_UL320_.jpg|https://m.media-amazon.com/images/I/31oUf0p01qL._AC_UL320_.jpg
74,https://www.amazon.com/Cover-Fx-Power-Play-Concealer/dp/B07P4M982Y/ref=sxin_16_pa_sp_search_thematic_mod_primary_new?content-id=amzn1.sym.4e7a2229-074e-44de-95c4-9fd858f46295%3Aamzn1.sym.4e7a2229-074e-44de-95c4-9fd858f46295&crid=1I9ZK9X1J1OZQ&cv_ct_cx=contour&keywords=contour&pd_rd_i=B07P4M982Y&pd_rd_r=4ef23a28-49eb-48fc-8129-b9bf927aa641&pd_rd_w=MQBNz&pd_rd_wg=XS7GT&pf_rd_p=4e7a2229-074e-44de-95c4-9fd858f46295&pf_rd_r=ZPF1SEJ3DAYJY9KZZ80G&qid=1668802541&sbo=RZvfv%2F%2FHxDF%2BO5021pAnSA%3D%3D&sprefix=contour%2Caps%2C86&sr=1-1-a73d1c8c-2fd2-4f19-aa41-2df022bcb241,"Cover FX Power Play Concealer: Crease-Proof, Transfer-Proof Concealer Provide 16-hour Full Coverage with Powerful Pollution Defense-N Fair 2, 0.33 Fl Oz",0.33 Fl Oz (Pack of 1),4.5 out of 5 stars,554,$23.00 ,"Small Business|Small Business|Small Business|<img alt="""" src=""https://m.media-amazon.com/images/I/111mHoVK0kL._SS200_.png"" height=""50px"" width=""50px""/>  Small Business|<img alt="""" src=""https://m.media-amazon.com/images/I/111mHoVK0kL._SS200_.png"" height=""50px"" width=""50px""/>  Small Business",B07P4M982Y,https://m.media-amazon.com/images/I/61hBtGTYGoL._AC_UL320_.jpg|https://m.media-amazon.com/images/I/111mHoVK0kL._SS200_.png|
75,https://www.amazon.com/sspa/click?ie=UTF8&spc=MToyNDc4NzczNDM3MzQ4Njk4OjE2Njg4MDI1NDE6c3Bfc2VhcmNoX3RoZW1hdGljOjIwMDA2MjgwMjE0ODUxMTo6MTo6&url=%2FMIRORA-Highlighter-Shading-Contour-Cosmetics%2Fdp%2FB08SL2R6GL%2Fref%3Dsxin_16_pa_sp_search_thematic_sspa%3Fcontent-id%3Damzn1.sym.4e7a2229-074e-44de-95c4-9fd858f46295%253Aamzn1.sym.4e7a2229-074e-44de-95c4-9fd858f46295%26crid%3D1I9ZK9X1J1OZQ%26cv_ct_cx%3Dcontour%26keywords%3Dcontour%26pd_rd_i%3DB08SL2R6GL%26pd_rd_r%3D4ef23a28-49eb-48fc-8129-b9bf927aa641%26pd_rd_w%3DMQBNz%26pd_rd_wg%3DXS7GT%26pf_rd_p%3D4e7a2229-074e-44de-95c4-9fd858f46295%26pf_rd_r%3DZPF1SEJ3DAYJY9KZZ80G%26qid%3D1668802541%26sprefix%3Dcontour%252Caps%252C86%26sr%3D1-2-a73d1c8c-2fd2-4f19-aa41-2df022bcb241-spons%26sp_csd%3Dd2lkZ2V0TmFtZT1zcF9zZWFyY2hfdGhlbWF0aWM%26psc%3D1,"MIRORA Contour Stick, Concealer Contour, Shading Highlighter Stick for Makeup, 2 in 1 effect Face Cosmetics (2 Colors, Lvory, Dark Brown)",Save more with Subscribe & Save10% coupon applied at checkoutSave 10%  with coupon,4.1 out of 5 stars,456,$7.29 ,,B08SL2R6GL,https://m.media-amazon.com/images/I/61zsIu4RPlL._AC_UL320_.jpg
76,https://www.amazon.com/sspa/click?ie=UTF8&spc=MToyNDc4NzczNDM3MzQ4Njk4OjE2Njg4MDI1NDE6c3Bfc2VhcmNoX3RoZW1hdGljOjIwMDA3MDcxMzQyMzU3MTo6Mjo6&url=%2FSHANY-Masterpiece-Foundation-Concealer-Camouflage%2Fdp%2FB00IVHDGMS%2Fref%3Dsxin_16_pa_sp_search_thematic_sspa%3Fcontent-id%3Damzn1.sym.4e7a2229-074e-44de-95c4-9fd858f46295%253Aamzn1.sym.4e7a2229-074e-44de-95c4-9fd858f46295%26crid%3D1I9ZK9X1J1OZQ%26cv_ct_cx%3Dcontour%26keywords%3Dcontour%26pd_rd_i%3DB00IVHDGMS%26pd_rd_r%3D4ef23a28-49eb-48fc-8129-b9bf927aa641%26pd_rd_w%3DMQBNz%26pd_rd_wg%3DXS7GT%26pf_rd_p%3D4e7a2229-074e-44de-95c4-9fd858f46295%26pf_rd_r%3DZPF1SEJ3DAYJY9KZZ80G%26qid%3D1668802541%26sprefix%3Dcontour%252Caps%252C86%26sr%3D1-3-a73d1c8c-2fd2-4f19-aa41-2df022bcb241-spons%26sp_csd%3Dd2lkZ2V0TmFtZT1zcF9zZWFyY2hfdGhlbWF0aWM%26psc%3D1,"SHANY Masterpiece 15 Color Foundation, Concealer, Camouflage Palette/Refill - TONED",1 Count (Pack of 1),4.3 out of 5 stars,"1,469",$13.95 ,"Small Business|Small Business|Small Business|<img alt="""" src=""https://m.media-amazon.com/images/I/111mHoVK0kL._SS200_.png"" height=""50px"" width=""50px""/>  Small Business|<img alt="""" src=""https://m.media-amazon.com/images/I/111mHoVK0kL._SS200_.png"" height=""50px"" width=""50px""/>  Small Business",B00IVHDGMS,https://m.media-amazon.com/images/I/71DlljLCdNL._AC_UL320_.jpg|https://m.media-amazon.com/images/I/111mHoVK0kL._SS200_.png|
77,https://www.amazon.com/sspa/click?ie=UTF8&spc=MToyNDc4NzczNDM3MzQ4Njk4OjE2Njg4MDI1NDE6c3Bfc2VhcmNoX3RoZW1hdGljOjIwMDA1NjY5NzM1OTQ2MTo6Mzo6&url=%2FONLYOILY-highlighter-highlighters-double-end-contouring%2Fdp%2FB083BTC9K2%2Fref%3Dsxin_16_pa_sp_search_thematic_sspa%3Fcontent-id%3Damzn1.sym.4e7a2229-074e-44de-95c4-9fd858f46295%253Aamzn1.sym.4e7a2229-074e-44de-95c4-9fd858f46295%26crid%3D1I9ZK9X1J1OZQ%26cv_ct_cx%3Dcontour%26keywords%3Dcontour%26pd_rd_i%3DB083BTC9K2%26pd_rd_r%3D4ef23a28-49eb-48fc-8129-b9bf927aa641%26pd_rd_w%3DMQBNz%26pd_rd_wg%3DXS7GT%26pf_rd_p%3D4e7a2229-074e-44de-95c4-9fd858f46295%26pf_rd_r%3DZPF1SEJ3DAYJY9KZZ80G%26qid%3D1668802541%26sprefix%3Dcontour%252Caps%252C86%26sr%3D1-4-a73d1c8c-2fd2-4f19-aa41-2df022bcb241-spons%26sp_csd%3Dd2lkZ2V0TmFtZT1zcF9zZWFyY2hfdGhlbWF0aWM%26psc%3D1,"ONLYOILY double-end contour highlighter stick contour stick,face highlighter, contour makeup contouring sticks cream concealer (1)",1 Count (Pack of 1),4.1 out of 5 stars,"4,423",$8.99 ,,B083BTC9K2,https://m.media-amazon.com/images/I/614J9gDEWhL._AC_UL320_.jpg
78,https://www.amazon.com/sspa/click?ie=UTF8&spc=MToyNDc4NzczNDM3MzQ4Njk4OjE2Njg4MDI1NDE6c3Bfc2VhcmNoX3RoZW1hdGljOjIwMDAzMjU5OTAwMzY5ODo6NDo6&url=%2FGlo-Skin-Beauty-Free-Camouflage%2Fdp%2FB000P6WIHM%2Fref%3Dsxin_16_pa_sp_search_thematic_sspa%3Fcontent-id%3Damzn1.sym.4e7a2229-074e-44de-95c4-9fd858f46295%253Aamzn1.sym.4e7a2229-074e-44de-95c4-9fd858f46295%26crid%3D1I9ZK9X1J1OZQ%26cv_ct_cx%3Dcontour%26keywords%3Dcontour%26pd_rd_i%3DB000P6WIHM%26pd_rd_r%3D4ef23a28-49eb-48fc-8129-b9bf927aa641%26pd_rd_w%3DMQBNz%26pd_rd_wg%3DXS7GT%26pf_rd_p%3D4e7a2229-074e-44de-95c4-9fd858f46295%26pf_rd_r%3DZPF1SEJ3DAYJY9KZZ80G%26qid%3D1668802541%26sprefix%3Dcontour%252Caps%252C86%26sr%3D1-5-a73d1c8c-2fd2-4f19-aa41-2df022bcb241-spons%26sp_csd%3Dd2lkZ2V0TmFtZT1zcF9zZWFyY2hfdGhlbWF0aWM%26psc%3D1,"Glo Skin Beauty Oil-Free Camouflage Concealer - Correct and Conceal Imperfections, Blemishes & Dark Spots, Nourishing Makeup for a More Even Complexion (Natural)",0.11 Ounce (Pack of 1),4.5 out of 5 stars,812,$32.00 ,,B000P6WIHM,https://m.media-amazon.com/images/I/31oUf0p01qL._AC_UL320_.jpg
79,https://aax-us-iad.amazon.com/x/c/RKitEF_DBtPeWrV49rJVuRwAAAGEjGH43AEAAAH2AQBOL0EgICAgICAgICAgICBOL0EgICAgICAgICAgICBNMj8J/https://www.amazon.com/dp/B09TTNG3RF?pd_rd_i=B09TTNG3RF&pf_rd_p=b000e0a0-9e93-480f-bf78-a83c8136dfcb&pf_rd_r=ZPF1SEJ3DAYJY9KZZ80G&pd_rd_wg=XS7GT&pd_rd_w=BWBDu&pd_rd_r=4ef23a28-49eb-48fc-8129-b9bf927aa641,"Julep Cushion Complexion Multitasking Skin Perfecter - 210 Medium - Concealer, Foundation, Brightener, Contour Stick - Infused with Turmeric - Buildable Medium-to-Full Coverage - Natural Finish",Sponsored,4.2 out of 5 stars,"1,157",$16.00 ,"FREE delivery Fri, Nov 25 on $25 of items shipped by AmazonOr fastest delivery Sun, Nov 20|",,
80,https://www.amazon.com/NYX-PROFESSIONAL-MAKEUP-Shaping-Contouring/dp/B00791F4KY/ref=sr_1_5?crid=1I9ZK9X1J1OZQ&keywords=contour&qid=1668802541&sprefix=contour%2Caps%2C86&sr=8-5,"NYX PROFESSIONAL MAKEUP Wonder Stick, Face Shaping & Contouring Stick - Universal Light",1 Count (Pack of 1),4.2 out of 5 stars,"23,909",$13.97 ,"FREE delivery Fri, Nov 25 on $25 of items shipped by AmazonOr fastest delivery Sun, Nov 20|",B00791F4KY,https://m.media-amazon.com/images/I/61WBHQ1qWmL._AC_UL320_.jpg
81,https://www.amazon.com/Wet-Wild-Megaglo-Makeup-Stick/dp/B01MY5Q2EV/ref=sr_1_6?crid=1I9ZK9X1J1OZQ&keywords=contour&qid=1668802541&sprefix=contour%2Caps%2C86&sr=8-6,"Wet n Wild MegaGlo Makeup Stick Conceal and Contour Brown Oak's On You, 1.1 Ounce (Pack of 1), 804a",1.1 Ounce (Pack of 1),4.2 out of 5 stars,"2,635",$4.49 ,"FREE delivery Fri, Nov 25 on $25 of items shipped by AmazonOr fastest delivery Sun, Nov 20|",B01MY5Q2EV,https://m.media-amazon.com/images/I/71WdYBPnp1L._AC_UL320_.jpg
82,https://www.amazon.com/NYX-PROFESSIONAL-MAKEUP-Conceal-Correct/dp/B00OU154OW/ref=sr_1_7?crid=1I9ZK9X1J1OZQ&keywords=contour&qid=1668802541&sprefix=contour%2Caps%2C86&sr=8-7,NYX PROFESSIONAL MAKEUP Conceal Correct Contour Palette - Light,0.05 Ounce (Pack of 1),4.2 out of 5 stars,"19,209",$10.25 ,"FREE delivery Fri, Nov 25 on $25 of items shipped by AmazonOr fastest delivery Sun, Nov 20|",B00OU154OW,https://m.media-amazon.com/images/I/51-Ia0wrozL._AC_UL320_.jpg
83,https://www.amazon.com/KIKO-MILANO-Contouring-pistachio-Hazelnut/dp/B07776HJD1/ref=sr_1_8?crid=1I9ZK9X1J1OZQ&keywords=contour&qid=1668802541&sprefix=contour%2Caps%2C86&sr=8-8,KIKO MILANO - Cream Contour Stick | Creamy Texture and Matte Finish Contouring Stick | Cruelty Free Makeup | Hypoallergenic | Professional Makeup Contour | Made in Italy (Hazelnut),1 Count (Pack of 1),4.3 out of 5 stars,"4,860",$14.99 ,"FREE delivery Fri, Nov 25 on $25 of items shipped by AmazonOr fastest delivery Sun, Nov 20|",B07776HJD1,https://m.media-amazon.com/images/I/71wWWxUfvOL._AC_UL320_.jpg
84,https://www.amazon.com/FOCALLURE-Moisturize-Highlighter-Illuminator-Light-medium/dp/B09S66BQ1S/ref=sr_1_9?crid=1I9ZK9X1J1OZQ&keywords=contour&qid=1668802541&sprefix=contour%2Caps%2C86&sr=8-9,"FOCALLURE 2 Pcs Mineral Cream Contour Stick,Moisturize Highlighter and Bronzer Pen,Non Stick Face Brightens & Shades Pencil,Long Lasting & Smooth Gliding Face Illuminator Makeup,Light-medium",2 Count (Pack of 1),4.1 out of 5 stars,"3,169",$12.99 ,"FREE delivery Fri, Nov 25 on $25 of items shipped by AmazonOr fastest delivery Sun, Nov 20|",B09S66BQ1S,https://m.media-amazon.com/images/I/71um+FS0ptL._AC_UL320_.jpg
85,https://www.amazon.com/NYX-PROFESSIONAL-MAKEUP-Concealer-Cappuccino/dp/B07KB9XT4T/ref=sr_1_10?crid=1I9ZK9X1J1OZQ&keywords=contour&qid=1668802541&sprefix=contour%2Caps%2C86&sr=8-10,"NYX PROFESSIONAL MAKEUP Can't Stop Won't Stop Contour Concealer, 24h Full Coverage Matte Finish - Cappuccino",1 Count (Pack of 1),4.4 out of 5 stars,"28,257",$7.99 ,"FREE delivery Fri, Nov 25 on $25 of items shipped by AmazonOr fastest delivery Sun, Nov 20|",B07KB9XT4T,https://m.media-amazon.com/images/I/516EOwDrBJL._AC_UL320_.jpg
86,https://www.amazon.com/NYX-PROFESSIONAL-MAKEUP-Bronzer-Medium/dp/B0072FSML0/ref=sr_1_11?crid=1I9ZK9X1J1OZQ&keywords=contour&qid=1668802541&sprefix=contour%2Caps%2C86&sr=8-11,"NYX PROFESSIONAL MAKEUP Matte Bronzer, Medium",0.33 Ounce (Pack of 1),4.5 out of 5 stars,"11,455",$7.32 ,"FREE delivery Fri, Nov 25 on $25 of items shipped by AmazonOr fastest delivery Mon, Nov 21|",B0072FSML0,https://m.media-amazon.com/images/I/81snXznR+HL._AC_UL320_.jpg
87,https://www.amazon.com/Real-Techniques-Sculpt-Shape-Ended/dp/B08P2G2HQ8/ref=sr_1_12?crid=1I9ZK9X1J1OZQ&keywords=contour&qid=1668802541&sprefix=contour%2Caps%2C86&sr=8-12,"Real Techniques Sculpt & Shape Dual Ended 2-in-1 Makeup Brush, Contours Cheek, Nose, Eyes and Highlighter, Flat Head Blends & Intensifies Contour, Pink, 1 Count",($7.98/Count),4.6 out of 5 stars,377,$7.98 ,"FREE delivery Fri, Nov 25 on $25 of items shipped by AmazonOr fastest delivery Sun, Nov 20|",B08P2G2HQ8,https://m.media-amazon.com/images/I/51z+fj5j3wL._AC_UL320_.jpg
88,https://www.amazon.com/Rubykiss-CONTOUR-Artist-Medium-RPCC02/dp/B01N8QGSAH/ref=sr_1_13?crid=1I9ZK9X1J1OZQ&keywords=contour&qid=1668802541&sprefix=contour%2Caps%2C86&sr=8-13,Ruby Kisses 3D Contour Artist Cream Makeup Palette Medium Dark,1 Count (Pack of 1),4.4 out of 5 stars,"1,768",$5.99 ,"FREE delivery Fri, Nov 25 on $25 of items shipped by AmazonOr fastest delivery Sun, Nov 20|",B01N8QGSAH,https://m.media-amazon.com/images/I/61nSG7vRjRS._AC_UL320_.jpg
89,https://www.amazon.com/W7-Sculpt-Cream-Contour-Step/dp/B074G44PVR/ref=sr_1_14?crid=1I9ZK9X1J1OZQ&keywords=contour&qid=1668802541&sprefix=contour%2Caps%2C86&sr=8-14,"W7 Lift & Sculpt Cream Contour Kit - Concealing, Highlighting & Contouring Makeup Palette - Step-by-Step Instructions Included",0.7 Ounce (Pack of 1),4.1 out of 5 stars,"2,170",$6.95 ,"FREE delivery Fri, Nov 25 on $25 of items shipped by AmazonOr fastest delivery Tue, Nov 22|",B074G44PVR,https://m.media-amazon.com/images/I/71A15XgwKEL._AC_UL320_.jpg
90,https://www.amazon.com/FOCALLURE-Highlighter-Non-greasy-Water-resistant-Lightweight/dp/B0B31LHJ33/ref=sr_1_15?crid=1I9ZK9X1J1OZQ&keywords=contour&qid=1668802541&sprefix=contour%2Caps%2C86&sr=8-15,"FOCALLURE 3 Pcs Cream Contour Sticks,Shades with Highlighter & Bronzer & Blush,Non-greasy and Water-resistant Face Contouring Pen,Easy to Sculpt the Face and Create a Lightweight Finishing Makeup,MEDIUM",0.2 Ounce (Pack of 3),4.2 out of 5 stars,226,$17.99 ,"FREE delivery Fri, Nov 25 on $25 of items shipped by AmazonOr fastest delivery Mon, Nov 21|",B0B31LHJ33,https://m.media-amazon.com/images/I/81cvx6o2eoL._AC_UL320_.jpg
91,https://www.amazon.com/Smashbox-Contour-Light-Medium-Brush/dp/B0045J2GKY/ref=sr_1_16?crid=1I9ZK9X1J1OZQ&keywords=contour&qid=1668802541&sprefix=contour%2Caps%2C86&sr=8-16,"Smashbox Step By Step Contour Kit With Light Medium Brush, Brown, 4 Oz",2 Piece Set,4.6 out of 5 stars,890,$25.52 ,"FREE delivery Fri, Nov 25 Or fastest delivery Mon, Nov 21|",B0045J2GKY,https://m.media-amazon.com/images/I/71iWvbe3TAL._AC_UL320_.jpg
92,https://www.amazon.com/sspa/click?ie=UTF8&spc=MTo3Mjg3NDA4MzAxNzQzNzg5OjE2Njg4MDI1NDE6c3BfbXRmOjIwMDEwMzU4NTE4MjM5ODo6MDo6&url=%2FHighlighter-Illuminator-Piamented-Brighten-Pencil-F2%2Fdp%2FB0BFVDQ7VR%2Fref%3Dsr_1_17_sspa%3Fcrid%3D1I9ZK9X1J1OZQ%26keywords%3Dcontour%26qid%3D1668802541%26sprefix%3Dcontour%252Caps%252C86%26sr%3D8-17-spons%26sp_csd%3Dd2lkZ2V0TmFtZT1zcF9tdGY%26psc%3D1,"Face Cream Contour Stick Bronzer Stick Highlighter Stick Illuminator Makeup Glow Kit,Long Lasting Highly Piamented Skin Brighten Shadow Contour Bronzer Highlighter Powder Pen Pencil-F2",Sponsored,4.4 out of 5 stars,109,$17.99 ,"FREE delivery Fri, Nov 25 on $25 of items shipped by AmazonOr fastest delivery Sun, Nov 20|",B0BFVDQ7VR,https://m.media-amazon.com/images/I/61zCsdFccjL._AC_UL320_.jpg
93,https://www.amazon.com/sspa/click?ie=UTF8&spc=MTo3Mjg3NDA4MzAxNzQzNzg5OjE2Njg4MDI1NDE6c3BfbXRmOjIwMDA0MDc3MDU5NTQ5ODo6MDo6&url=%2FW7-Sculpt-Cream-Contour-Step%2Fdp%2FB074G44PVR%2Fref%3Dsr_1_18_sspa%3Fcrid%3D1I9ZK9X1J1OZQ%26keywords%3Dcontour%26qid%3D1668802541%26sprefix%3Dcontour%252Caps%252C86%26sr%3D8-18-spons%26sp_csd%3Dd2lkZ2V0TmFtZT1zcF9tdGY%26psc%3D1,"W7 Lift & Sculpt Cream Contour Kit - Concealing, Highlighting & Contouring Makeup Palette - Step-by-Step Instructions Included",Sponsored,4.1 out of 5 stars,"2,170",$6.95 ,"FREE delivery Fri, Nov 25 on $25 of items shipped by AmazonOr fastest delivery Tue, Nov 22|",B074G44PVR,https://m.media-amazon.com/images/I/71A15XgwKEL._AC_UL320_.jpg
94,https://www.amazon.com/sspa/click?ie=UTF8&spc=MTo3Mjg3NDA4MzAxNzQzNzg5OjE2Njg4MDI1NDE6c3BfbXRmOjIwMDA5Mjg4NjIwNDMyMTo6MDo6&url=%2FKYDA-Highlighters-Contouring-Highlighting-Foundation%2Fdp%2FB09BQ656TX%2Fref%3Dsr_1_19_sspa%3Fcrid%3D1I9ZK9X1J1OZQ%26keywords%3Dcontour%26qid%3D1668802541%26sprefix%3Dcontour%252Caps%252C86%26sr%3D8-19-spons%26sp_csd%3Dd2lkZ2V0TmFtZT1zcF9tdGY%26psc%3D1,"KYDA 8 Colors Highlight Concealer Contour Stick, 2 in 1 Body Makeup Shding Stick, Face Highlighters Sticks, Contouring Highlighting Foundation Shadow Cream Pen(4 Pcs)",Sponsored,3.8 out of 5 stars,272,$9.99 ,"FREE delivery Fri, Nov 25 on $25 of items shipped by AmazonOr fastest delivery Sun, Nov 20|",B09BQ656TX,https://m.media-amazon.com/images/I/61t0Ra0pbML._AC_UL320_.jpg
95,https://www.amazon.com/sspa/click?ie=UTF8&spc=MTo3Mjg3NDA4MzAxNzQzNzg5OjE2Njg4MDI1NDE6c3BfbXRmOjIwMDA3MzE3MDM4OTk5ODo6MDo6&url=%2FHighlighter-Contouring-Beginners-Highlight-Concealer%2Fdp%2FB0B3S3QMDQ%2Fref%3Dsr_1_20_sspa%3Fcrid%3D1I9ZK9X1J1OZQ%26keywords%3Dcontour%26qid%3D1668802541%26sprefix%3Dcontour%252Caps%252C86%26sr%3D8-20-spons%26sp_csd%3Dd2lkZ2V0TmFtZT1zcF9tdGY%26psc%3D1,"3Pcs Cream Contour Sticks Makeup Kit,Primer Face Makeup Highlighter Stick Contouring Makeup Kit for Beginners,Highlight and Contour Kit,Cream Concealer Makeup Blur Stick,Primer Face Corrector Makeup Stick for Light Medium Skin",Sponsored,3.9 out of 5 stars,39,$8.99 ,"FREE delivery Fri, Nov 25 on $25 of items shipped by AmazonOr fastest delivery Tue, Nov 22|",B0B3S3QMDQ,https://m.media-amazon.com/images/I/61sqr8V6xRL._AC_UL320_.jpg
96,https://www.amazon.com/KIMUSE-Contour-Highlight-Bronzer-Waterproof/dp/B0B5PC41SY/ref=sr_1_21?crid=1I9ZK9X1J1OZQ&keywords=contour&qid=1668802541&sprefix=contour%2Caps%2C86&sr=8-21,"KIMUSE 2Color Dual Cream Contour Stick, Highlight & Contour Bronzer Stick, Long Lasting & Waterproof Contour Sticks Kit for Light Skin Face Makeup",1 Count (Pack of 1),3.7 out of 5 stars,100,$9.99 ,"FREE delivery Fri, Nov 25 on $25 of items shipped by AmazonOr fastest delivery Sun, Nov 20|",B0B5PC41SY,https://m.media-amazon.com/images/I/51pv8U5bmXL._AC_UL320_.jpg
97,https://www.amazon.com/Black-Radiance-Complexion-Contour-Palette/dp/B01N9PSE0P/ref=sr_1_22?crid=1I9ZK9X1J1OZQ&keywords=contour&qid=1668802541&sprefix=contour%2Caps%2C86&sr=8-22,"Black Radiance True Complexion Creme Contour Palette, Medium to Dark, 7.5 Gram",0.26 Ounce (Pack of 1),4.5 out of 5 stars,"9,450",$6.89 ,"FREE delivery Fri, Nov 25 on $25 of items shipped by AmazonOr fastest delivery Sun, Nov 20|",B01N9PSE0P,https://m.media-amazon.com/images/I/91zVZGYIyZL._AC_UL320_.jpg
98,https://www.amazon.com/Black-Radiance-Complexion-Contour-Palette/dp/B01FIL4614/ref=sr_1_23?crid=1I9ZK9X1J1OZQ&keywords=contour&qid=1668802541&sprefix=contour%2Caps%2C86&sr=8-23,"Black Radiance True Complexion Contour Palette, Medium to Dark, 0.38 Ounce",0.38 Ounce (Pack of 1),4.5 out of 5 stars,"6,323",$6.99 ,"FREE delivery Fri, Nov 25 on $25 of items shipped by AmazonOr fastest delivery Sun, Nov 20|",B01FIL4614,https://m.media-amazon.com/images/I/91SoOB03FSL._AC_UL320_.jpg
99,https://www.amazon.com/Charlotte-Tilbury-Hollywood-Contour-Light-Medium/dp/B075XD8QLG/ref=sr_1_24?crid=1I9ZK9X1J1OZQ&keywords=contour&qid=1668802541&sprefix=contour%2Caps%2C86&sr=8-24,Charlotte Tilbury Hollywood Contour Wand Light-Medium,1 Count (Pack of 1),4.5 out of 5 stars,374,$55.00 ,"FREE delivery Fri, Nov 25 Or fastest delivery Mon, Nov 21|",B075XD8QLG,https://m.media-amazon.com/images/I/51wDjyvmxKL._AC_UL320_.jpg
100,https://www.amazon.com/Highlighter-Illuminator-Piamented-Brighten-Pencil-F2/dp/B0BFVDQ7VR/ref=sr_1_25?crid=1I9ZK9X1J1OZQ&keywords=contour&qid=1668802541&sprefix=contour%2Caps%2C86&sr=8-25,"Face Cream Contour Stick Bronzer Stick Highlighter Stick Illuminator Makeup Glow Kit,Long Lasting Highly Piamented Skin Brighten Shadow Contour Bronzer Highlighter Powder Pen Pencil-F2",4 Ounce (Pack of 1),4.4 out of 5 stars,109,$17.99 ,"FREE delivery Fri, Nov 25 on $25 of items shipped by AmazonOr fastest delivery Sun, Nov 20|",B0BFVDQ7VR,https://m.media-amazon.com/images/I/61zCsdFccjL._AC_UL320_.jpg
101,https://www.amazon.com/ONLYOILY-highlighter-highlighters-double-end-contouring/dp/B083BTC9K2/ref=sr_1_26?crid=1I9ZK9X1J1OZQ&keywords=contour&qid=1668802541&sprefix=contour%2Caps%2C86&sr=8-26,"ONLYOILY double-end contour highlighter stick contour stick,face highlighter, contour makeup contouring sticks cream concealer (1)",1 Count (Pack of 1),4.1 out of 5 stars,"4,423",$8.99 ,"FREE delivery Fri, Nov 25 on $25 of items shipped by AmazonOr fastest delivery Sun, Nov 20|",B083BTC9K2,https://m.media-amazon.com/images/I/614J9gDEWhL._AC_UL320_.jpg
102,https://www.amazon.com/Contour-Palette-Powder-Kit-Hypoallergenic/dp/B081VF3RJC/ref=sr_1_27?crid=1I9ZK9X1J1OZQ&keywords=contour&qid=1668802541&sprefix=contour%2Caps%2C86&sr=8-27,"Contour Palette Powder Contour Kit - Contouring Makeup Palette With Mirror - 4 Highly Pigmented Matte Colors For Contouring And Highlighting - Vegan, Cruelty Free And Hypoallergenic",1 Count (Pack of 1),4.2 out of 5 stars,"3,020",$11.99 ,"FREE delivery Fri, Nov 25 on $25 of items shipped by AmazonOr fastest delivery Sun, Nov 20|",B081VF3RJC,https://m.media-amazon.com/images/I/61UqOEZWPfL._AC_UL320_.jpg
103,https://www.amazon.com/DUcare-Foundation-Blending-Concealer-Cosmetics/dp/B09W94C23T/ref=sr_1_28?crid=1I9ZK9X1J1OZQ&keywords=contour&qid=1668802541&sprefix=contour%2Caps%2C86&sr=8-28,DUcare Foundation Brush Contour Makeup Brushes Double Ended Makeup Brush for Blending Liquid Powder Concealer Cream Cosmetics Blush Buffe,($11.99/Count),4.6 out of 5 stars,"5,325",$11.99 ,"FREE delivery Fri, Nov 25 on $25 of items shipped by AmazonOr fastest delivery Sun, Nov 20|",B09W94C23T,https://m.media-amazon.com/images/I/61LgT8WYPUL._AC_UL320_.jpg
104,https://www.amazon.com/Aesthetica-Cosmetics-Contour-Highlighting-Makeup/dp/B014PVXY5W/ref=sr_1_29_mod_primary_new?crid=1I9ZK9X1J1OZQ&keywords=contour&qid=1668802541&sbo=RZvfv%2F%2FHxDF%2BO5021pAnSA%3D%3D&sprefix=contour%2Caps%2C86&sr=8-29,Aesthetica Cosmetics Cream Contour and Highlighting Makeup Kit - Contouring Foundation / Concealer Palette - Vegan & Cruelty Free - Step-by-Step Instructions Included,0.63 Ounce (Pack of 1),4.3 out of 5 stars,"5,040|Another way to buy|$29.97$29.97 ($47.57/Ounce) $40.00$40.00|$29.97$29.97 ($47.57/Ounce) $40.00$40.00|($47.57/Ounce)|FREE delivery Fri, Nov 25 Or fastest delivery Sun, Nov 20",$26.88 ,"FREE delivery Nov 23 - 29 Or fastest delivery Nov 22 - 23|Small Business|Small Business|Small Business|<img alt="""" src=""https://m.media-amazon.com/images/I/111mHoVK0kL._SS200_.png"" height=""50px"" width=""50px""/>  Small Business|<img alt="""" src=""https://m.media-amazon.com/images/I/111mHoVK0kL._SS200_.png"" height=""50px"" width=""50px""/>  Small Business|FREE delivery Fri, Nov 25 Or fastest delivery Sun, Nov 20|",B014PVXY5W,https://m.media-amazon.com/images/I/61bI3ej7scL._AC_UL320_.jpg|https://m.media-amazon.com/images/I/111mHoVK0kL._SS200_.png|
105,https://www.amazon.com/Highlight-Highlighters-Highlighter-double-end-contouring/dp/B09NL6J1RX/ref=sr_1_30?crid=1I9ZK9X1J1OZQ&keywords=contour&qid=1668802541&sprefix=contour%2Caps%2C86&sr=8-30,"Highlight Contour Stick, 2 in 1 Makeup Shading Stick, Face Highlighters Sticks, Concealer Contour Highlighter Stick,Cruelty Free Makeup,double-end face concealer contouring sticks cream (01)",1 Count (Pack of 1),3.8 out of 5 stars,185,$7.49 ,"FREE delivery Fri, Nov 25 on $25 of items shipped by AmazonOr fastest delivery Sun, Nov 20|",B09NL6J1RX,https://m.media-amazon.com/images/I/71KArFVIJdL._AC_UL320_.jpg
106,https://www.amazon.com/FENTY-BEAUTY-RIHANNA-Match-Skinstick/dp/B077V5Z255/ref=sr_1_31?crid=1I9ZK9X1J1OZQ&keywords=contour&qid=1668802541&sprefix=contour%2Caps%2C86&sr=8-31,FENTY BEAUTY BY RIHANNA Match Stix Matte Skinstick Amber - contour shade with cool undertones Matte finish,1 Count (Pack of 1),4.3 out of 5 stars,228,$25.00 ,"FREE delivery Fri, Nov 25 Or fastest delivery Sun, Nov 20|",B077V5Z255,https://m.media-amazon.com/images/I/71XPU9JsmjL._AC_UL320_.jpg
107,https://www.amazon.com/Wet-Wild-Megaglo-Makeup-805/dp/B01MS4WCGD/ref=sr_1_32?crid=1I9ZK9X1J1OZQ&keywords=contour&qid=1668802541&sprefix=contour%2Caps%2C86&sr=8-32,"Wet n Wild MegaGlo Makeup Stick Conceal and Contour Brown Call Me Maple,1.4 Ounce (Pack of 1),805",1.4 Ounce (Pack of 1),4.3 out of 5 stars,"1,473",$4.49 ,"FREE delivery Fri, Nov 25 on $25 of items shipped by AmazonOr fastest delivery Sun, Nov 20|",B01MS4WCGD,https://m.media-amazon.com/images/I/7121rMWO83L._AC_UL320_.jpg
108,https://www.amazon.com/sspa/click?ie=UTF8&spc=MTo3Mjg3NDA4MzAxNzQzNzg5OjE2Njg4MDI1NDE6c3BfbXRmOjIwMDEwNDQ0OTYwMDA5ODo6MDo6&url=%2FKIMUSE-Contour-Highlight-Bronzer-Waterproof%2Fdp%2FB0B5PC63L7%2Fref%3Dsr_1_33_sspa%3Fcrid%3D1I9ZK9X1J1OZQ%26keywords%3Dcontour%26qid%3D1668802541%26sprefix%3Dcontour%252Caps%252C86%26sr%3D8-33-spons%26sp_csd%3Dd2lkZ2V0TmFtZT1zcF9tdGY%26psc%3D1,"KIMUSE 2 Color Dual Cream Contour Stick, Highlight & Contour Bronzer Stick, Long Lasting & Waterproof Contour Sticks Kit for Light Skin Face Makeup",Sponsored,3.7 out of 5 stars,100,$9.99 ,"FREE delivery Fri, Nov 25 on $25 of items shipped by AmazonOr fastest delivery Sun, Nov 20|",B0B5PC63L7,https://m.media-amazon.com/images/I/51jYQNPwx+L._AC_UL320_.jpg
109,https://www.amazon.com/sspa/click?ie=UTF8&spc=MTo3Mjg3NDA4MzAxNzQzNzg5OjE2Njg4MDI1NDE6c3BfbXRmOjIwMDEwMzE5NTk4MjI5ODo6MDo6&url=%2FWet-Wild-Megaglo-Makeup-807%2Fdp%2FB01N9OYQE9%2Fref%3Dsr_1_34_sspa%3Fcrid%3D1I9ZK9X1J1OZQ%26keywords%3Dcontour%26qid%3D1668802541%26sprefix%3Dcontour%252Caps%252C86%26sr%3D8-34-spons%26sp_csd%3Dd2lkZ2V0TmFtZT1zcF9tdGY%26psc%3D1,"Wet n Wild MegaGlo Makeup Stick Conceal and Contour Neutral Follow Your Bisque,1 Ounce (Pack of 1),807",Sponsored,4.5 out of 5 stars,"1,631",$3.99 ,"FREE delivery Fri, Nov 25 on $25 of items shipped by AmazonOr fastest delivery Sun, Nov 20|",B01N9OYQE9,https://m.media-amazon.com/images/I/71lepRHkLmL._AC_UL320_.jpg
110,https://www.amazon.com/sspa/click?ie=UTF8&spc=MTo3Mjg3NDA4MzAxNzQzNzg5OjE2Njg4MDI1NDE6c3BfbXRmOjIwMDA5NzUzNzQ1NjI5ODo6MDo6&url=%2FFoundation-Premium-Blending-Buffing-Stippling%2Fdp%2FB095JQYW9P%2Fref%3Dsr_1_35_sspa%3Fcrid%3D1I9ZK9X1J1OZQ%26keywords%3Dcontour%26qid%3D1668802541%26sprefix%3Dcontour%252Caps%252C86%26sr%3D8-35-spons%26sp_csd%3Dd2lkZ2V0TmFtZT1zcF9tdGY%26psc%3D1,"Angled Top Foundation Brush, Premium Kabuki Makeup Brush for Liquid, Blending, Cream, Powder,Blush Buffing Stippling Face Makeup Tools Black",Sponsored,4.5 out of 5 stars,"2,093",$6.99 ,"FREE delivery Fri, Nov 25 on $25 of items shipped by AmazonOr fastest delivery Sun, Nov 20|",B095JQYW9P,https://m.media-amazon.com/images/I/519VWwEWzNL._AC_UL320_.jpg
111,https://www.amazon.com/sspa/click?ie=UTF8&spc=MTo3Mjg3NDA4MzAxNzQzNzg5OjE2Njg4MDI1NDE6c3BfbXRmOjIwMDA3MDYzODY2MjI5ODo6MDo6&url=%2FFocallure-Foundation-Highlighter-Highlighting-FA01-19068-24%2Fdp%2FB08LDH87YJ%2Fref%3Dsr_1_36_sspa%3Fcrid%3D1I9ZK9X1J1OZQ%26keywords%3Dcontour%26qid%3D1668802541%26sprefix%3Dcontour%252Caps%252C86%26sr%3D8-36-spons%26sp_csd%3Dd2lkZ2V0TmFtZT1zcF9tdGY%26psc%3D1,"FOCALLURE 2 Pcs Contour Foundation Stick, Highlighter & Bronzer Pen, Face Brightens & Shades Pencil, Highlighting Shade Longwear Makeup, Highlight Bronzer Shaping Trimming Stick,Neutral",Sponsored,4.1 out of 5 stars,"3,169",$12.99 ,"FREE delivery Fri, Nov 25 on $25 of items shipped by AmazonOr fastest delivery Sun, Nov 20|",B08LDH87YJ,https://m.media-amazon.com/images/I/71HM34o2ETL._AC_UL320_.jpg
112,https://www.amazon.com/wet-wild-Essential-Highlighting-Ultra-Plush/dp/B09NX3HX7F/ref=sr_1_37?crid=1I9ZK9X1J1OZQ&keywords=contour&qid=1668802541&sprefix=contour%2Caps%2C86&sr=8-37,wet n wild Essential Makeup Brush| Contour Brush| Sculpting| Highlighting| Blending| Ultra-Plush Fibers,($3.18/Count),4.6 out of 5 stars,"3,018",$3.18 ,FREE delivery on $25 shipped by Amazon.,B09NX3HX7F,https://m.media-amazon.com/images/I/514c1gOZYlL._AC_UL320_.jpg
113,https://www.amazon.com/NYX-PROFESSIONAL-MAKEUP-Radiant-Concealer/dp/B086LJVH5D/ref=sr_1_38?crid=1I9ZK9X1J1OZQ&keywords=contour&qid=1668802541&sprefix=contour%2Caps%2C86&sr=8-38,"NYX PROFESSIONAL MAKEUP Born To Glow Radiant Concealer, Medium Coverage - Deep Walnut",0.17 Fl Oz (Pack of 1),4.5 out of 5 stars,"2,391",$5.25 ,"FREE delivery Tue, Nov 29",B086LJVH5D,https://m.media-amazon.com/images/I/719WOFAwFBL._AC_UL320_.jpg
114,https://www.amazon.com/L-Girl-Conceal-Concealer-Beautiful/dp/B009WI08QW/ref=sr_1_39?crid=1I9ZK9X1J1OZQ&keywords=contour&qid=1668802541&sprefix=contour%2Caps%2C86&sr=8-39,"L.A. Girl Pro Conceal HD Concealer, Beautiful Bronze, 1 Count",0.28 Ounce (Pack of 1),4.3 out of 5 stars,"34,378",$3.99 ,"FREE delivery Fri, Nov 25 on $25 of items shipped by AmazonOr fastest delivery Sun, Nov 20||Climate Pledge Friendly|Climate Pledge Friendly|Climate Pledge Friendly|<img alt="""" src=""https://m.media-amazon.com/images/I/216-OX9rBaL._SS200_.png"" height=""50px"" width=""50px""/>  Climate Pledge Friendly|<img alt="""" src=""https://m.media-amazon.com/images/I/216-OX9rBaL._SS200_.png"" height=""50px"" width=""50px""/>  Climate Pledge Friendly|<img alt="""" src=""https://m.media-amazon.com/images/I/41Y2L-DZWfL._SS200_.png"" height=""50px"" width=""50px""/> Compact by Design (Certified by Amazon)",B009WI08QW,https://m.media-amazon.com/images/I/516uds-2TJL._AC_UL320_.jpg|https://m.media-amazon.com/images/I/216-OX9rBaL._SS200_.png||
115,https://www.amazon.com/Maybelline-Makeup-Instant-Rewind-Concealer/dp/B004Y9GTOO/ref=sr_1_40?crid=1I9ZK9X1J1OZQ&keywords=contour&qid=1668802541&sprefix=contour%2Caps%2C86&sr=8-40,"Maybelline Instant Age Rewind Eraser Dark Circles Treatment Multi-Use Concealer, 110, 1 Count (Packaging May Vary)",0.2 Fl Oz (Pack of 1),4.4 out of 5 stars,"165,744",$8.80 ,"FREE delivery Fri, Nov 25 on $25 of items shipped by AmazonOr fastest delivery Sun, Nov 20|",B004Y9GTOO,https://m.media-amazon.com/images/I/61bGLtb9nQL._AC_UL320_.jpg
116,https://www.amazon.com/Milani-Setting-Spray-Prime-Correct/dp/B01N9KIKZA/ref=sr_1_41?crid=1I9ZK9X1J1OZQ&keywords=contour&qid=1668802541&sprefix=contour%2Caps%2C86&sr=8-41,Milani Make It Last 3-in-1 Setting Spray and Primer- Prime + Correct + Set (2.03 Fl. Oz.) Makeup Finishing Spray and Primer - Long Lasting Makeup Primer and Spray,2.03 Fl Oz (Pack of 1),4.5 out of 5 stars,"33,772",,"Small Business|Small Business|Small Business|<img alt="""" src=""https://m.media-amazon.com/images/I/111mHoVK0kL._SS200_.png"" height=""50px"" width=""50px""/>  Small Business|<img alt="""" src=""https://m.media-amazon.com/images/I/111mHoVK0kL._SS200_.png"" height=""50px"" width=""50px""/>  Small Business",B01N9KIKZA,https://m.media-amazon.com/images/I/61ChSNnpCCL._AC_UL320_.jpg|https://m.media-amazon.com/images/I/111mHoVK0kL._SS200_.png|
117,https://www.amazon.com/Smashbox-SMASHBOX-THE-CALI-CONTOUR/dp/B07BJMC5B8/ref=sr_1_42_mod_primary_new?crid=1I9ZK9X1J1OZQ&keywords=contour&qid=1668802541&sbo=RZvfv%2F%2FHxDF%2BO5021pAnSA%3D%3D&sprefix=contour%2Caps%2C86&sr=8-42,"Smashbox The Cali Contour ShapeBronzeGlow Pallet, Plain, 0.69 Ounce",0.69 Ounce (Pack of 1),4.7 out of 5 stars,"447|Another way to buy|$37.65$37.65 $40.00$40.00|$37.65$37.65 $40.00$40.00|FREE delivery Fri, Nov 25 Or fastest delivery Sun, Nov 20|Only 20 left in stock (more on the way).|Only 20 left in stock (more on the way).",$34.65 ,"FREE delivery Nov 23 - 29|FREE delivery Fri, Nov 25 Or fastest delivery Sun, Nov 20|",B07BJMC5B8,https://m.media-amazon.com/images/I/61y5ZraAB-L._AC_UL320_.jpg
118,https://www.amazon.com/NYX-Professional-Highlight-Contour-Palette/dp/B00TKJO1RK/ref=sr_1_43?crid=1I9ZK9X1J1OZQ&keywords=contour&qid=1668802541&sprefix=contour%2Caps%2C86&sr=8-43,NYX PROFESSIONAL MAKEUP Highlight & Contour Pro Palette,21.6 Gram (Pack of 1),4.5 out of 5 stars,"7,110",$20.20 ,"FREE delivery Fri, Nov 25 on $25 of items shipped by AmazonOr fastest delivery Sun, Nov 20|",B00TKJO1RK,https://m.media-amazon.com/images/I/51aVBPTOqPS._AC_UL320_.jpg
119,https://www.amazon.com/LORAC-Contour-Palette-Plus-Brush/dp/B00ZZ8XNWE/ref=sr_1_44?crid=1I9ZK9X1J1OZQ&keywords=contour&qid=1668802541&sprefix=contour%2Caps%2C86&sr=8-44,LORAC PRO Contour Palette & Contour Brush | Contour Powders & Highlighter Makeup | Mirror Compact,2 Piece Set,4.5 out of 5 stars,"1,093",$45.00 ,"FREE delivery Fri, Nov 25 Or fastest delivery Sun, Nov 20|",B00ZZ8XNWE,https://m.media-amazon.com/images/I/81MEKSmYfNL._AC_UL320_.jpg
120,https://www.amazon.com/l-f-Concealer-Fullcoverage-Formula-Olive/dp/B07ZVXYB79/ref=sr_1_45?crid=1I9ZK9X1J1OZQ&keywords=contour&qid=1668802541&sprefix=contour%2Caps%2C86&sr=8-45,"e.l.f. 16HR Camo Concealer, Full Coverage & Highly Pigmented, Matte Finish, Deep Olive, 0.203 Fl Oz (6mL)",0.2 Fl Oz (Pack of 1),4.3 out of 5 stars,"2,189",$6.00 ,"FREE delivery Fri, Nov 25 on $25 of items shipped by AmazonOr fastest delivery Sun, Nov 20|",B07ZVXYB79,https://m.media-amazon.com/images/I/610lvEKGWQL._AC_UL320_.jpg
121,https://www.amazon.com/Maybelline-Facestudio-Master-Contour-Contouring/dp/B0169YYBYQ/ref=sr_1_46?crid=1I9ZK9X1J1OZQ&keywords=contour&qid=1668802541&sprefix=contour%2Caps%2C86&sr=8-46,"Maybelline Master Contour Face Contouring Kit, Light to Medium, 1 Count",1 Count (Pack of 1),4.4 out of 5 stars,"3,888",$9.98 ,"FREE delivery Fri, Nov 25 on $25 of items shipped by AmazonOr fastest delivery Tue, Nov 22|",B0169YYBYQ,https://m.media-amazon.com/images/I/81pBrfiSJuL._AC_UL320_.jpg
122,https://www.amazon.com/Too-Cool-School-ArtClass-Shading/dp/B097NQJSZP/ref=sr_1_47?crid=1I9ZK9X1J1OZQ&keywords=contour&qid=1668802541&sprefix=contour%2Caps%2C86&sr=8-47,"[Too Cool for School] ArtClass by Rodin Shading, Contour #2 Modern",1 Count (Pack of 1),4.4 out of 5 stars,198,$22.10 ,"FREE delivery Fri, Nov 25 on $25 of items shipped by AmazonOr fastest delivery Sun, Nov 20||Small Business|Small Business|Small Business|<img alt="""" src=""https://m.media-amazon.com/images/I/111mHoVK0kL._SS200_.png"" height=""50px"" width=""50px""/>  Small Business|<img alt="""" src=""https://m.media-amazon.com/images/I/111mHoVK0kL._SS200_.png"" height=""50px"" width=""50px""/>  Small Business",B097NQJSZP,https://m.media-amazon.com/images/I/71YJbEefDsS._AC_UL320_.jpg|https://m.media-amazon.com/images/I/111mHoVK0kL._SS200_.png|
123,https://www.amazon.com/KIMUSE-Makeup-Weightless-Long-Wearing-Natural-Looking/dp/B09ZTBFHMF/ref=sr_1_48?crid=1I9ZK9X1J1OZQ&keywords=contour&qid=1668802541&sprefix=contour%2Caps%2C86&sr=8-48,"KIMUSE Soft Cream Blush Makeup, Liquid Blush for Cheeks, Weightless, Long-Wearing, Smudge Proof, Natural-Looking, Dewy Finish, Skin Tint Blush Makeup",1 Count (Pack of 1),3.9 out of 5 stars,326,$12.99 ,"FREE delivery Fri, Nov 25 on $25 of items shipped by AmazonOr fastest delivery Sun, Nov 20|",B09ZTBFHMF,https://m.media-amazon.com/images/I/51-JNbh1KQL._AC_UL320_.jpg
124,https://www.amazon.com/FOCALLURE-Highlighter-Non-greasy-Non-drying-Waterproof/dp/B0B3QV7HG1/ref=sr_1_49?crid=1I9ZK9X1J1OZQ&keywords=contour&qid=1668802541&sprefix=contour%2Caps%2C86&sr=8-49,"FOCALLURE 2 in 1 Cream Bronzer and Highlighter Stick,Non-greasy & Non-drying Contour Makeup Pencil,Easy to Create a Natural Matte Finishing with Highly Formula,Long Lasting & Waterproof Face Brighten Make up Pen,LIGHT",1 Count (Pack of 1),4.3 out of 5 stars,98,$13.99 ,"FREE delivery Fri, Nov 25 on $25 of items shipped by AmazonOr fastest delivery Sun, Nov 20|",B0B3QV7HG1,https://m.media-amazon.com/images/I/61nQ6wjqKDL._AC_UL320_.jpg
125,https://www.amazon.com/Etude-Official-Contour-Powder-Creator/dp/B0983G5MKW/ref=sr_1_50?crid=1I9ZK9X1J1OZQ&keywords=contour&qid=1668802541&sprefix=contour%2Caps%2C86&sr=8-50,"ETUDE CONTOUR POWDER 01 Creator | Bronzer And Contour Palette To Effortlessly Define The Face Like A Selfie | Smooth, Velety Texture | Natural Look",1 Count (Pack of 1),4.6 out of 5 stars,240,$17.49 ,"FREE delivery Fri, Nov 25 on $25 of items shipped by AmazonOr fastest delivery Sun, Nov 20|",B0983G5MKW,https://m.media-amazon.com/images/I/61Xh28Um7VS._AC_UL320_.jpg
126,https://www.amazon.com/CCbeauty-Dual-ended-Contouring-Highlighter-Colloection/dp/B01IMUB0PI/ref=sr_1_51?crid=1I9ZK9X1J1OZQ&keywords=contour&qid=1668802541&sprefix=contour%2Caps%2C86&sr=8-51,"CCbeauty Wonder Stick 6 Colors Face Dual-ended Highlighter Sticks Cream bronzer Contour Stick Cosmetics Concealer Makeup Set, 2-IN-1 3D Buildable Body Face Brightens & Shades Highlight Contouring Make Up Kit,Foundation Cream Pen,3pcs",3 Count (Pack of 1),4.0 out of 5 stars,283,$13.99 ,"FREE delivery Fri, Nov 25 on $25 of items shipped by AmazonOr fastest delivery Sun, Nov 20|",B01IMUB0PI,https://m.media-amazon.com/images/I/71igbyhdkDL._AC_UL320_.jpg
127,https://www.amazon.com/YOUNG-VISION-Lightweight-Blendable-Professional/dp/B0B6315XDL/ref=sr_1_52?crid=1I9ZK9X1J1OZQ&keywords=contour&qid=1668802541&sprefix=contour%2Caps%2C86&sr=8-52,"YOUNG VISION Contour Stick Makeup, Bronzer and Matte Finish Makeup Stick for Women, Lightweight and Blendable Professional Makeup Contour",($25.06/Ounce),4.3 out of 5 stars,61,$5.99 ,"FREE delivery Fri, Nov 25 on $25 of items shipped by AmazonOr fastest delivery Sun, Nov 20|",B0B6315XDL,https://m.media-amazon.com/images/I/51mwOSylCQL._AC_UL320_.jpg
128,https://www.amazon.com/wet-wild-MegaGlo-Contouring-Palette/dp/B00ZKDIBIU/ref=sr_1_53?crid=1I9ZK9X1J1OZQ&keywords=contour&qid=1668802541&sprefix=contour%2Caps%2C86&sr=8-53,"Wet n Wild MegaGlo Contour Palette, Dulce De Leche | Contouring Powder Face Kit | Flawlessly Sculpted Face",0.44 Ounce (Pack of 1),4.4 out of 5 stars,"1,492",$4.28 ,FREE delivery on $25 shipped by Amazon.,B00ZKDIBIU,https://m.media-amazon.com/images/I/71AqlCEPu+L._AC_UL320_.jpg
129,https://www.amazon.com/Black-Radiance-Color-Perfect-Foundation/dp/B07MNW2CV2/ref=sr_1_54?crid=1I9ZK9X1J1OZQ&keywords=contour&qid=1668802541&sprefix=contour%2Caps%2C86&sr=8-54,"Black Radiance Color Perfect Foundation Stick,Cocoa Bean, 0.25 Ounce",0.25 Ounce (Pack of 1),4.1 out of 5 stars,"3,578",$7.07 ,"FREE delivery Fri, Nov 25 on $25 of items shipped by AmazonOr fastest delivery Sun, Nov 20|",B07MNW2CV2,https://m.media-amazon.com/images/I/711LbOpE43L._AC_UL320_.jpg
130,https://www.amazon.com/L-Colors-Makeup-Contour-Palette/dp/B015AZA8LA/ref=sr_1_55?crid=1I9ZK9X1J1OZQ&keywords=contour&qid=1668802541&sprefix=contour%2Caps%2C86&sr=8-55,"L.A. Colors I Heart Makeup Contour Palette, Light to Medium, 1.04 Ounce",1.04 Ounce (Pack of 1),4.3 out of 5 stars,"2,850",$7.45 ,"FREE delivery Fri, Nov 25 on $25 of items shipped by AmazonOr fastest delivery Sun, Nov 20|",B015AZA8LA,https://m.media-amazon.com/images/I/81XYd8uPM-L._AC_UL320_.jpg
131,https://www.amazon.com/NYX-PROFESSIONAL-MAKEUP-Sculpt-Highlight/dp/B01EZ8LHC2/ref=sr_1_56?crid=1I9ZK9X1J1OZQ&keywords=contour&qid=1668802541&sprefix=contour%2Caps%2C86&sr=8-56,"NYX PROFESSIONAL MAKEUP Sculpt & Highlight Face Duo, Almond Light , 1 Set, 0.17 Ounce (SHFD02)",0.17 Ounce (Pack of 1),4.2 out of 5 stars,"1,119",$6.45 ,"FREE delivery Tue, Nov 29 Or fastest delivery Fri, Nov 25",B01EZ8LHC2,https://m.media-amazon.com/images/I/51e84Y5nTTL._AC_UL320_.jpg
132,https://www.amazon.com/Erinde-Foundation-Highlighter-Highlighting-Waterproof/dp/B09VGDL1Y1/ref=sr_1_57?crid=1I9ZK9X1J1OZQ&keywords=contour&qid=1668802541&sprefix=contour%2Caps%2C86&sr=8-57,"Erinde Contour Highlighter Stick with Brush -Bronzer Pen, Face Brightens Shades Pencil, Highlighting Shade, Highlight Shaping Stick, Waterproof, Longwear Makeup(#03#04?",2 Count (Pack of 1),3.7 out of 5 stars,277,$9.99 ,"FREE delivery Fri, Nov 25 on $25 of items shipped by AmazonOr fastest delivery Sun, Nov 20|",B09VGDL1Y1,https://m.media-amazon.com/images/I/61CvuoPS-BL._AC_UL320_.jpg
133,https://www.amazon.com/sspa/click?ie=UTF8&spc=MTo3Mjg3NDA4MzAxNzQzNzg5OjE2Njg4MDI1NDE6c3BfYnRmOjIwMDEwMzIzMzYzNDQ5ODo6MDo6&url=%2FMegaGlo-Dual-Ended-Contour-Medium-752A%2Fdp%2FB01MCZ47BM%2Fref%3Dsr_1_58_sspa%3Fcrid%3D1I9ZK9X1J1OZQ%26keywords%3Dcontour%26qid%3D1668802541%26sprefix%3Dcontour%252Caps%252C86%26sr%3D8-58-spons%26sp_csd%3Dd2lkZ2V0TmFtZT1zcF9idGY%26psc%3D1,"Wet n Wild MegaGlo Dual-Ended Contour Stick Medium/Tan, 0.28 Ounce (Pack of 1), (752A)",Sponsored,4.3 out of 5 stars,"3,088",$4.99 ,FREE delivery on $25 shipped by Amazon.,B01MCZ47BM,https://m.media-amazon.com/images/I/61BTL-QwoNL._AC_UL320_.jpg
134,https://www.amazon.com/sspa/click?ie=UTF8&spc=MTo3Mjg3NDA4MzAxNzQzNzg5OjE2Njg4MDI1NDE6c3BfYnRmOjIwMDA4MzA2Njk2MzQ3MTo6MDo6&url=%2FYonka-Correction-Elastine-Anti-Rides-Lissant%2Fdp%2FB002EBGLVA%2Fref%3Dsr_1_59_sspa%3Fcrid%3D1I9ZK9X1J1OZQ%26keywords%3Dcontour%26qid%3D1668802541%26sprefix%3Dcontour%252Caps%252C86%26sr%3D8-59-spons%26sp_csd%3Dd2lkZ2V0TmFtZT1zcF9idGY%26psc%3D1%26smid%3DA2TZPP35YRTU05,"Yon-Ka Elastine Jour Anti-Wrinkle Day Cream (50ml) Anti Aging Facial Moisturizer and Eye Cream, Soften Fine Lines and Wrinkles with Vitamin C and Elastin Peptides, Paraben-Free",Sponsored,4.7 out of 5 stars,80,$80.00 ,"FREE delivery Fri, Nov 25 Or fastest delivery Sun, Nov 20||Small Business|Small Business|Small Business|<img alt="""" src=""https://m.media-amazon.com/images/I/111mHoVK0kL._SS200_.png"" height=""50px"" width=""50px""/>  Small Business|<img alt="""" src=""https://m.media-amazon.com/images/I/111mHoVK0kL._SS200_.png"" height=""50px"" width=""50px""/>  Small Business",B002EBGLVA,https://m.media-amazon.com/images/I/618dviQ7P7L._AC_UL320_.jpg|https://m.media-amazon.com/images/I/111mHoVK0kL._SS200_.png|
135,https://www.amazon.com/sspa/click?ie=UTF8&spc=MTo3Mjg3NDA4MzAxNzQzNzg5OjE2Njg4MDI1NDE6c3BfYnRmOjIwMDA1NDM3MTQyMzc5ODo6MDo6&url=%2FEtude-Official-Contour-Powder-Creator%2Fdp%2FB0983G5MKW%2Fref%3Dsr_1_60_sspa%3Fcrid%3D1I9ZK9X1J1OZQ%26keywords%3Dcontour%26qid%3D1668802541%26sprefix%3Dcontour%252Caps%252C86%26sr%3D8-60-spons%26sp_csd%3Dd2lkZ2V0TmFtZT1zcF9idGY%26psc%3D1%26smid%3DA34TZ8AIJ8CZKO,"ETUDE CONTOUR POWDER 01 Creator | Bronzer And Contour Palette To Effortlessly Define The Face Like A Selfie | Smooth, Velety Texture | Natural Look",Sponsored,4.6 out of 5 stars,240,$17.49 ,"FREE delivery Fri, Nov 25 on $25 of items shipped by AmazonOr fastest delivery Sun, Nov 20|",B0983G5MKW,https://m.media-amazon.com/images/I/61Xh28Um7VS._AC_UL320_.jpg
136,https://aax-us-iad.amazon.com/x/c/RE-ovufgIOgR85u9fiXuUTwAAAGEjGH45wEAAAH2AQBOL0EgICAgICAgICAgICBOL0EgICAgICAgICAgICCc-00f/https://www.amazon.com/dp/B0776F4PK2?pd_rd_i=B0776F4PK2&pf_rd_p=55defc4a-7c1e-47a7-8d1d-5cc458cca688&pf_rd_r=ZPF1SEJ3DAYJY9KZZ80G&pd_rd_wg=v39aJ&pd_rd_w=U7y64&pd_rd_r=73f966c4-6360-485f-afd7-67b8100d41dc,Pro Face Contour Brush Set - Synthetic Contouring Sculpting and Highlighting Kit - Cream Blush Powder Flat Nose Cheek Round Small Angled Fan Tapered Precision Kabuki Foundation Makeup Brushes,Sponsored,4.6 out of 5 stars,"1,999",$16.98 ,"FREE delivery Fri, Nov 25 on $25 of items shipped by AmazonOr fastest delivery Sun, Nov 20|",,
144,https://www.amazon.com/sspa/click?ie=UTF8&spc=MTo3NDk4OTA2OTE1Mzc5OTY0OjE2Njg4MDI1OTI6c3BfYXRmOjIwMDA2MzY1NjQ3MjM5ODo6MDo6&url=%2FKusslippe-Lasting-Smooth-Sparppens-Darjeeling%2Fdp%2FB09T2H5ZJZ%2Fref%3Dsr_1_1_sspa%3Fcrid%3D3PV9TW2PUKH5S%26keywords%3Dlip%2Bliner%26qid%3D1668802592%26sprefix%3Dlip%2Bliner%252Caps%252C77%26sr%3D8-1-spons%26sp_csd%3Dd2lkZ2V0TmFtZT1zcF9hdGY%26psc%3D1,"Kusslippe Lip Liner, Matte Lip Liner Pen , Long Lasting Smooth and Soft Creamy Color Lip Liner Crayon With Sparppens 0.02 Oz (07#Darjeeling)",Sponsored,4.4 out of 5 stars,26,$6.35 ,"FREE delivery Tue, Nov 29 on $25 of items shipped by AmazonOr fastest delivery Tue, Nov 22|",B09T2H5ZJZ,https://m.media-amazon.com/images/I/41Tw0RGFM9L._AC_UL320_.jpg
145,https://www.amazon.com/sspa/click?ie=UTF8&spc=MTo3NDk4OTA2OTE1Mzc5OTY0OjE2Njg4MDI1OTI6c3BfYXRmOjIwMDAzOTk3MjYwOTQ2MTo6MDo6&url=%2FLip-Bar-Straight-Line-Liner%2Fdp%2FB07WW9Y7KW%2Fref%3Dsr_1_2_sspa%3Fcrid%3D3PV9TW2PUKH5S%26keywords%3Dlip%2Bliner%26qid%3D1668802592%26sprefix%3Dlip%2Bliner%252Caps%252C77%26sr%3D8-2-spons%26sp_csd%3Dd2lkZ2V0TmFtZT1zcF9hdGY%26psc%3D1,The Lip Bar | Straight Line Lip Liner | Vegan & Cruelty Free | Straight Talk,Sponsored,4.3 out of 5 stars,390,$9.99 ,"FREE delivery Tue, Nov 29 on $25 of items shipped by AmazonOr fastest delivery Wed, Nov 23||Small Business|Small Business|Small Business|<img alt="""" src=""https://m.media-amazon.com/images/I/111mHoVK0kL._SS200_.png"" height=""50px"" width=""50px""/>  Small Business|<img alt="""" src=""https://m.media-amazon.com/images/I/111mHoVK0kL._SS200_.png"" height=""50px"" width=""50px""/>  Small Business",B07WW9Y7KW,https://m.media-amazon.com/images/I/71REBUo5urL._AC_UL320_.jpg|https://m.media-amazon.com/images/I/111mHoVK0kL._SS200_.png|
146,https://www.amazon.com/sspa/click?ie=UTF8&spc=MTo3NDk4OTA2OTE1Mzc5OTY0OjE2Njg4MDI1OTI6c3BfYXRmOjIwMDA4NTczNDI0NTM5ODo6MDo6&url=%2FPalladio-Retractable-Liner-Pencil-Plum%2Fdp%2FB000E9FXZE%2Fref%3Dsr_1_3_sspa%3Fcrid%3D3PV9TW2PUKH5S%26keywords%3Dlip%2Bliner%26qid%3D1668802592%26sprefix%3Dlip%2Bliner%252Caps%252C77%26sr%3D8-3-spons%26sp_csd%3Dd2lkZ2V0TmFtZT1zcF9hdGY%26psc%3D1,"Palladio, Retractable Waterproof Lip Liner High Pigmented and Creamy Color Slim Twist Up Smudge Proof Formula with Long Lasting All Day Wear No Sharpener Required, Plum, 1 Count",Sponsored,4.3 out of 5 stars,"3,113",$7.99 ,"FREE delivery Fri, Nov 25 on $25 of items shipped by AmazonOr fastest delivery Sun, Nov 20||Small Business|Small Business|Small Business|<img alt="""" src=""https://m.media-amazon.com/images/I/111mHoVK0kL._SS200_.png"" height=""50px"" width=""50px""/>  Small Business|<img alt="""" src=""https://m.media-amazon.com/images/I/111mHoVK0kL._SS200_.png"" height=""50px"" width=""50px""/>  Small Business",B000E9FXZE,https://m.media-amazon.com/images/I/41s2KxNFphL._AC_UL320_.jpg|https://m.media-amazon.com/images/I/111mHoVK0kL._SS200_.png|
147,https://www.amazon.com/NYX-PROFESSIONAL-MAKEUP-Pencil-Ounce/dp/B07B16318X/ref=sr_1_4?crid=3PV9TW2PUKH5S&keywords=lip+liner&qid=1668802592&sprefix=lip+liner%2Caps%2C77&sr=8-4,"NYX PROFESSIONAL MAKEUP Slim Lip Pencil, Long-Lasting Creamy Lip Liner - Ever",1 Count (Pack of 1),4.5 out of 5 stars,"29,938",$4.39 ,"FREE delivery Fri, Nov 25 on $25 of items shipped by AmazonOr fastest delivery Sun, Nov 20|",B07B16318X,https://m.media-amazon.com/images/I/61aeuNpLsrL._AC_UL320_.jpg
148,https://www.amazon.com/NYX-PROFESSIONAL-MAKEUP-Peekaboo-Neutral/dp/B07B16HMSM/ref=sr_1_5?crid=3PV9TW2PUKH5S&keywords=lip+liner&qid=1668802592&sprefix=lip+liner%2Caps%2C77&sr=8-5,"NYX PROFESSIONAL MAKEUP Slim Lip Pencil, Long-Lasting Creamy Lip Liner - Peakaboo Neutral",1 Count (Pack of 1),4.5 out of 5 stars,"29,938",$4.96 ,"FREE delivery Fri, Nov 25 on $25 of items shipped by AmazonOr fastest delivery Sun, Nov 20|",B07B16HMSM,https://m.media-amazon.com/images/I/61ZUY6wTdZL._AC_UL320_.jpg
149,https://www.amazon.com/NYX-Mechanical-Pencil-Nude-Pink/dp/B005G9LPDQ/ref=sr_1_6?crid=3PV9TW2PUKH5S&keywords=lip+liner&qid=1668802592&sprefix=lip+liner%2Caps%2C77&sr=8-6,"NYX Mechanical Lip Pencil, Nude Pink",0.01 Ounce (Pack of 1),4.5 out of 5 stars,"8,380",$4.19 ,"FREE delivery Fri, Nov 25 on $25 of items shipped by AmazonOr fastest delivery Sun, Nov 20|",B005G9LPDQ,https://m.media-amazon.com/images/I/51LMtJYTxTL._AC_UL320_.jpg
150,https://www.amazon.com/sspa/click?ie=UTF8&spc=MTo3MTM3MjUzMTE5ODA3NTk2OjE2Njg4MDI1OTI6c3Bfc2VhcmNoX3RoZW1hdGljOjIwMDA4NTczNDI0NTM5ODo6MDo6&url=%2FPalladio-Retractable-Liner-Pencil-Plum%2Fdp%2FB000E9FXZE%2Fref%3Dsxin_13_pa_sp_search_thematic_sspa%3Fcontent-id%3Damzn1.sym.4e7a2229-074e-44de-95c4-9fd858f46295%253Aamzn1.sym.4e7a2229-074e-44de-95c4-9fd858f46295%26crid%3D3PV9TW2PUKH5S%26cv_ct_cx%3Dlip%2Bliner%26keywords%3Dlip%2Bliner%26pd_rd_i%3DB000E9FXZE%26pd_rd_r%3Ddcf9daed-7681-44af-93e9-733eebcfba46%26pd_rd_w%3DFwnWb%26pd_rd_wg%3DhNf3n%26pf_rd_p%3D4e7a2229-074e-44de-95c4-9fd858f46295%26pf_rd_r%3DV83FGXT9J11817QGPM8T%26qid%3D1668802592%26sprefix%3Dlip%2Bliner%252Caps%252C77%26sr%3D1-1-a73d1c8c-2fd2-4f19-aa41-2df022bcb241-spons%26sp_csd%3Dd2lkZ2V0TmFtZT1zcF9zZWFyY2hfdGhlbWF0aWM%26psc%3D1,"Palladio, Retractable Waterproof Lip Liner High Pigmented and Creamy Color Slim Twist Up Smudge Proof Formula with Long Lasting All Day Wear No Sharpener Required, Plum, 1 Count",Sponsored | Based on star rating and number of customer ratings,4.3 out of 5 stars|4.4 out of 5 stars|4.0 out of 5 stars|4.3 out of 5 stars|4.5 out of 5 stars,"3,113|778|24,189|390|1,375",$7.99 ,"Small Business|Small Business|Small Business|<img alt="""" src=""https://m.media-amazon.com/images/I/111mHoVK0kL._SS200_.png"" height=""50px"" width=""50px""/>  Small Business|<img alt="""" src=""https://m.media-amazon.com/images/I/111mHoVK0kL._SS200_.png"" height=""50px"" width=""50px""/>  Small Business|Small Business|Small Business|Small Business|<img alt="""" src=""https://m.media-amazon.com/images/I/111mHoVK0kL._SS200_.png"" height=""50px"" width=""50px""/>  Small Business|<img alt="""" src=""https://m.media-amazon.com/images/I/111mHoVK0kL._SS200_.png"" height=""50px"" width=""50px""/>  Small Business",,https://m.media-amazon.com/images/I/41s2KxNFphL._AC_UL320_.jpg|https://m.media-amazon.com/images/I/111mHoVK0kL._SS200_.png||https://m.media-amazon.com/images/I/51Pv3daFKIL._AC_UL320_.jpg|https://m.media-amazon.com/images/I/51n4LI8tguL._AC_UL320_.jpg|https://m.media-amazon.com/images/I/71REBUo5urL._AC_UL320_.jpg|https://m.media-amazon.com/images/I/111mHoVK0kL._SS200_.png||https://m.media-amazon.com/images/I/71S754TWA1L._AC_UL320_.jpg
151,https://www.amazon.com/sspa/click?ie=UTF8&spc=MTo3MTM3MjUzMTE5ODA3NTk2OjE2Njg4MDI1OTI6c3Bfc2VhcmNoX3RoZW1hdGljOjIwMDA4NTczNDI0NTM5ODo6MDo6&url=%2FPalladio-Retractable-Liner-Pencil-Plum%2Fdp%2FB000E9FXZE%2Fref%3Dsxin_13_pa_sp_search_thematic_sspa%3Fcontent-id%3Damzn1.sym.4e7a2229-074e-44de-95c4-9fd858f46295%253Aamzn1.sym.4e7a2229-074e-44de-95c4-9fd858f46295%26crid%3D3PV9TW2PUKH5S%26cv_ct_cx%3Dlip%2Bliner%26keywords%3Dlip%2Bliner%26pd_rd_i%3DB000E9FXZE%26pd_rd_r%3Ddcf9daed-7681-44af-93e9-733eebcfba46%26pd_rd_w%3DFwnWb%26pd_rd_wg%3DhNf3n%26pf_rd_p%3D4e7a2229-074e-44de-95c4-9fd858f46295%26pf_rd_r%3DV83FGXT9J11817QGPM8T%26qid%3D1668802592%26sprefix%3Dlip%2Bliner%252Caps%252C77%26sr%3D1-1-a73d1c8c-2fd2-4f19-aa41-2df022bcb241-spons%26sp_csd%3Dd2lkZ2V0TmFtZT1zcF9zZWFyY2hfdGhlbWF0aWM%26psc%3D1,"Palladio, Retractable Waterproof Lip Liner High Pigmented and Creamy Color Slim Twist Up Smudge Proof Formula with Long Lasting All Day Wear No Sharpener Required, Plum, 1 Count",1 Count (Pack of 1),4.3 out of 5 stars,"3,113",$7.99 ,"Small Business|Small Business|Small Business|<img alt="""" src=""https://m.media-amazon.com/images/I/111mHoVK0kL._SS200_.png"" height=""50px"" width=""50px""/>  Small Business|<img alt="""" src=""https://m.media-amazon.com/images/I/111mHoVK0kL._SS200_.png"" height=""50px"" width=""50px""/>  Small Business",B000E9FXZE,https://m.media-amazon.com/images/I/41s2KxNFphL._AC_UL320_.jpg|https://m.media-amazon.com/images/I/111mHoVK0kL._SS200_.png|
152,https://www.amazon.com/sspa/click?ie=UTF8&spc=MTo3MTM3MjUzMTE5ODA3NTk2OjE2Njg4MDI1OTI6c3Bfc2VhcmNoX3RoZW1hdGljOjIwMDAyNTgyODQ4OTQ2MTo6MTo6&url=%2FSorme-Cosmetics-Waterproof-Smear-Burgundy%2Fdp%2FB00C662SFG%2Fref%3Dsxin_13_pa_sp_search_thematic_sspa%3Fcontent-id%3Damzn1.sym.4e7a2229-074e-44de-95c4-9fd858f46295%253Aamzn1.sym.4e7a2229-074e-44de-95c4-9fd858f46295%26crid%3D3PV9TW2PUKH5S%26cv_ct_cx%3Dlip%2Bliner%26keywords%3Dlip%2Bliner%26pd_rd_i%3DB00C662SFG%26pd_rd_r%3Ddcf9daed-7681-44af-93e9-733eebcfba46%26pd_rd_w%3DFwnWb%26pd_rd_wg%3DhNf3n%26pf_rd_p%3D4e7a2229-074e-44de-95c4-9fd858f46295%26pf_rd_r%3DV83FGXT9J11817QGPM8T%26qid%3D1668802592%26sprefix%3Dlip%2Bliner%252Caps%252C77%26sr%3D1-2-a73d1c8c-2fd2-4f19-aa41-2df022bcb241-spons%26sp_csd%3Dd2lkZ2V0TmFtZT1zcF9zZWFyY2hfdGhlbWF0aWM%26psc%3D1%26smid%3DA2LZG17UXTLBA8,Sorme Waterproof Lip Liner - Non-splintering Smearproof Lip Liner,0.06 Ounce (Pack of 1),4.4 out of 5 stars,778,$10.52 ,,B00C662SFG,https://m.media-amazon.com/images/I/51Pv3daFKIL._AC_UL320_.jpg
153,https://www.amazon.com/sspa/click?ie=UTF8&spc=MTo3MTM3MjUzMTE5ODA3NTk2OjE2Njg4MDI1OTI6c3Bfc2VhcmNoX3RoZW1hdGljOjIwMDA2NjgwMDQ3MDQ5ODo6Mjo6&url=%2FPeripera-Longwear-Weightless-Gluten-Free-Paraben-Free%2Fdp%2FB0B3R7J965%2Fref%3Dsxin_13_pa_sp_search_thematic_sspa%3Fcontent-id%3Damzn1.sym.4e7a2229-074e-44de-95c4-9fd858f46295%253Aamzn1.sym.4e7a2229-074e-44de-95c4-9fd858f46295%26crid%3D3PV9TW2PUKH5S%26cv_ct_cx%3Dlip%2Bliner%26keywords%3Dlip%2Bliner%26pd_rd_i%3DB0B3R7J965%26pd_rd_r%3Ddcf9daed-7681-44af-93e9-733eebcfba46%26pd_rd_w%3DFwnWb%26pd_rd_wg%3DhNf3n%26pf_rd_p%3D4e7a2229-074e-44de-95c4-9fd858f46295%26pf_rd_r%3DV83FGXT9J11817QGPM8T%26qid%3D1668802592%26sprefix%3Dlip%2Bliner%252Caps%252C77%26sr%3D1-3-a73d1c8c-2fd2-4f19-aa41-2df022bcb241-spons%26sp_csd%3Dd2lkZ2V0TmFtZT1zcF9zZWFyY2hfdGhlbWF0aWM%26psc%3D1,"Peripera Ink the Velvet Lip Tint | High Pigment Color, Longwear, Weightless, Not Animal Tested, Gluten-Free, Paraben-Free | 0.14 fl oz (Kit, #1 Liner Kit)",2 Piece Set,4.0 out of 5 stars,"24,189",$15.00 ,,B0B3R7J965,https://m.media-amazon.com/images/I/51n4LI8tguL._AC_UL320_.jpg
154,https://www.amazon.com/sspa/click?ie=UTF8&spc=MTo3MTM3MjUzMTE5ODA3NTk2OjE2Njg4MDI1OTI6c3Bfc2VhcmNoX3RoZW1hdGljOjIwMDAzOTk3MjYwOTQ2MTo6Mzo6&url=%2FLip-Bar-Straight-Line-Liner%2Fdp%2FB07WW9Y7KW%2Fref%3Dsxin_13_pa_sp_search_thematic_sspa%3Fcontent-id%3Damzn1.sym.4e7a2229-074e-44de-95c4-9fd858f46295%253Aamzn1.sym.4e7a2229-074e-44de-95c4-9fd858f46295%26crid%3D3PV9TW2PUKH5S%26cv_ct_cx%3Dlip%2Bliner%26keywords%3Dlip%2Bliner%26pd_rd_i%3DB07WW9Y7KW%26pd_rd_r%3Ddcf9daed-7681-44af-93e9-733eebcfba46%26pd_rd_w%3DFwnWb%26pd_rd_wg%3DhNf3n%26pf_rd_p%3D4e7a2229-074e-44de-95c4-9fd858f46295%26pf_rd_r%3DV83FGXT9J11817QGPM8T%26qid%3D1668802592%26sprefix%3Dlip%2Bliner%252Caps%252C77%26sr%3D1-4-a73d1c8c-2fd2-4f19-aa41-2df022bcb241-spons%26sp_csd%3Dd2lkZ2V0TmFtZT1zcF9zZWFyY2hfdGhlbWF0aWM%26psc%3D1,The Lip Bar | Straight Line Lip Liner | Vegan & Cruelty Free | Straight Talk,1 Count (Pack of 1),4.3 out of 5 stars,390,$9.99 ,"Small Business|Small Business|Small Business|<img alt="""" src=""https://m.media-amazon.com/images/I/111mHoVK0kL._SS200_.png"" height=""50px"" width=""50px""/>  Small Business|<img alt="""" src=""https://m.media-amazon.com/images/I/111mHoVK0kL._SS200_.png"" height=""50px"" width=""50px""/>  Small Business",B07WW9Y7KW,https://m.media-amazon.com/images/I/71REBUo5urL._AC_UL320_.jpg|https://m.media-amazon.com/images/I/111mHoVK0kL._SS200_.png|
155,https://www.amazon.com/sspa/click?ie=UTF8&spc=MTo3MTM3MjUzMTE5ODA3NTk2OjE2Njg4MDI1OTI6c3Bfc2VhcmNoX3RoZW1hdGljOjIwMDA5NTcxOTIwODM5ODo6NDo6&url=%2FWet-Perfect-Liner-0-007-Mauves%2Fdp%2FB07PKW2MKF%2Fref%3Dsxin_13_pa_sp_search_thematic_sspa%3Fcontent-id%3Damzn1.sym.4e7a2229-074e-44de-95c4-9fd858f46295%253Aamzn1.sym.4e7a2229-074e-44de-95c4-9fd858f46295%26crid%3D3PV9TW2PUKH5S%26cv_ct_cx%3Dlip%2Bliner%26keywords%3Dlip%2Bliner%26pd_rd_i%3DB07PKW2MKF%26pd_rd_r%3Ddcf9daed-7681-44af-93e9-733eebcfba46%26pd_rd_w%3DFwnWb%26pd_rd_wg%3DhNf3n%26pf_rd_p%3D4e7a2229-074e-44de-95c4-9fd858f46295%26pf_rd_r%3DV83FGXT9J11817QGPM8T%26qid%3D1668802592%26sprefix%3Dlip%2Bliner%252Caps%252C77%26sr%3D1-5-a73d1c8c-2fd2-4f19-aa41-2df022bcb241-spons%26sp_csd%3Dd2lkZ2V0TmFtZT1zcF9zZWFyY2hfdGhlbWF0aWM%26psc%3D1,"Lip Liner By Wet n Wild Perfect Pout Matte Retractable Gel Lip Liner Pencil, Purple Lay Down the Mauves",1 Count (Pack of 1),4.5 out of 5 stars,"1,375",$3.18 ,,B07PKW2MKF,https://m.media-amazon.com/images/I/71S754TWA1L._AC_UL320_.jpg
156,https://aax-us-iad.amazon.com/x/c/RIiJBzmNINQtP1D1Pik_Xh8AAAGEjGK_cgEAAAH2AQBOL0EgICAgICAgICAgICBOL0EgICAgICAgICAgICBtLjER/https://www.amazon.com/dp/B08GG25RNF?pd_rd_i=B08GG25RNF&pf_rd_p=b000e0a0-9e93-480f-bf78-a83c8136dfcb&pf_rd_r=V83FGXT9J11817QGPM8T&pd_rd_wg=hNf3n&pd_rd_w=pmp8E&pd_rd_r=dcf9daed-7681-44af-93e9-733eebcfba46,"6Pcs Lip Liner and Lipstick Set, DNM Chestnut Nude Dark Red Matte Matt Mat Pens Lipstick 24H and with Lip Liner Makeup Set for Black Mature Women Long Lasting labiales mate 24 horas originales A01",Sponsored,4.0 out of 5 stars,"3,120",$12.98 ,"FREE delivery Fri, Nov 25 on $25 of items shipped by AmazonOr fastest delivery Sun, Nov 20|",,
157,https://www.amazon.com/sspa/click?ie=UTF8&spc=MToyMTcyODI4NDAzMDQ2Mzk0OjE2Njg4MDI1OTI6c3Bfc2VhcmNoX3RoZW1hdGljOjo6MDpCMDdOVFI3UURZOnNlYXJjaA&url=%2FHonest-Beauty-Moisture-Paraben-Silicone%2Fdp%2FB07NTR7QDY%2Fref%3Dsxin_15_pa_sp_search_thematic-asin_sspa%3Fcontent-id%3Damzn1.sym.4228d1d7-b9a2-4dcc-9504-1ef42bcf486a%253Aamzn1.sym.4228d1d7-b9a2-4dcc-9504-1ef42bcf486a%26crid%3D3PV9TW2PUKH5S%26cv_ct_cx%3Dlip%2Bliner%26keywords%3Dlip%2Bliner%26pd_rd_i%3DB07NTR7QDY%26pd_rd_r%3Ddcf9daed-7681-44af-93e9-733eebcfba46%26pd_rd_w%3Dqs8u6%26pd_rd_wg%3DhNf3n%26pf_rd_p%3D4228d1d7-b9a2-4dcc-9504-1ef42bcf486a%26pf_rd_r%3DV83FGXT9J11817QGPM8T%26qid%3D1668802592%26rdc%3D1%26sprefix%3Dlip%2Bliner%252Caps%252C77%26sr%3D1-1-4a643ae4-6005-4b15-bc31-2c5125e2b25b-spons%26sp_csd%3Dd2lkZ2V0TmFtZT1zcF9zZWFyY2hfdGhlbWF0aWM%26psc%3D1,"Honest Beauty Tinted Lip Balm, Fruit Punch with Acai Extracts + Avocado Oil | EWG Certified + Dermatologist & Physician tested & Vegan + Cruelty free | 0.141 oz.","Shop products with sustainability certifications, as part of our commitment to help preserve the natural world. Time is fleeting.",4.4 out of 5 stars|4.4 out of 5 stars|4.4 out of 5 stars|5.0 out of 5 stars|4.4 out of 5 stars|4.3 out of 5 stars|4.2 out of 5 stars|4.5 out of 5 stars,"17,409|10,019|6,003|4|5,901|4,449|2,505|1,364",$8.99 ,"Climate Pledge Friendly|Climate Pledge Friendly|Climate Pledge Friendly|<img alt="""" src=""https://m.media-amazon.com/images/I/216-OX9rBaL._SS200_.png"" height=""50px"" width=""50px""/>  Climate Pledge Friendly|<img alt="""" src=""https://m.media-amazon.com/images/I/216-OX9rBaL._SS200_.png"" height=""50px"" width=""50px""/>  Climate Pledge Friendly|<img alt="""" src=""https://m.media-amazon.com/images/I/31OPjlesFNL._SS200_.png"" height=""50px"" width=""50px""/> EWG Verified|Climate Pledge Friendly|Climate Pledge Friendly|Climate Pledge Friendly|<img alt="""" src=""https://m.media-amazon.com/images/I/216-OX9rBaL._SS200_.png"" height=""50px"" width=""50px""/>  Climate Pledge Friendly|<img alt="""" src=""https://m.media-amazon.com/images/I/216-OX9rBaL._SS200_.png"" height=""50px"" width=""50px""/>  Climate Pledge Friendly|<img alt="""" src=""https://m.media-amazon.com/images/I/41Y2L-DZWfL._SS200_.png"" height=""50px"" width=""50px""/> Compact by Design (Certified by Amazon)|Climate Pledge Friendly|Climate Pledge Friendly|Climate Pledge Friendly|<img alt="""" src=""https://m.media-amazon.com/images/I/216-OX9rBaL._SS200_.png"" height=""50px"" width=""50px""/>  Climate Pledge Friendly|<img alt="""" src=""https://m.media-amazon.com/images/I/216-OX9rBaL._SS200_.png"" height=""50px"" width=""50px""/>  Climate Pledge Friendly|<img alt="""" src=""https://m.media-amazon.com/images/I/31OPjlesFNL._SS200_.png"" height=""50px"" width=""50px""/> EWG Verified|Climate Pledge Friendly  Small Business|Climate Pledge Friendly|Climate Pledge Friendly|Small Business|Small Business|<img alt="""" src=""https://m.media-amazon.com/images/I/216-OX9rBaL._SS200_.png"" height=""50px"" width=""50px""/>  Climate Pledge Friendly|<img alt="""" src=""https://m.media-amazon.com/images/I/216-OX9rBaL._SS200_.png"" height=""50px"" width=""50px""/>  Climate Pledge Friendly|<img alt="""" src=""https://m.media-amazon.com/images/I/51Xs1-s-2hL._SS200_.jpg"" height=""50px"" width=""50px""/> Natrue|<img alt="""" src=""https://m.media-amazon.com/images/I/111mHoVK0kL._SS200_.png"" height=""50px"" width=""50px""/>  Small Business|<img alt="""" src=""https://m.media-amazon.com/images/I/111mHoVK0kL._SS200_.png"" height=""50px"" width=""50px""/>  Small Business|Climate Pledge Friendly|Climate Pledge Friendly|Climate Pledge Friendly|<img alt="""" src=""https://m.media-amazon.com/images/I/216-OX9rBaL._SS200_.png"" height=""50px"" width=""50px""/>  Climate Pledge Friendly|<img alt="""" src=""https://m.media-amazon.com/images/I/216-OX9rBaL._SS200_.png"" height=""50px"" width=""50px""/>  Climate Pledge Friendly|<img alt="""" src=""https://m.media-amazon.com/images/I/41Y2L-DZWfL._SS200_.png"" height=""50px"" width=""50px""/> Compact by Design (Certified by Amazon)|Climate Pledge Friendly|Climate Pledge Friendly|Climate Pledge Friendly|<img alt="""" src=""https://m.media-amazon.com/images/I/216-OX9rBaL._SS200_.png"" height=""50px"" width=""50px""/>  Climate Pledge Friendly|<img alt="""" src=""https://m.media-amazon.com/images/I/216-OX9rBaL._SS200_.png"" height=""50px"" width=""50px""/>  Climate Pledge Friendly|<img alt="""" src=""https://m.media-amazon.com/images/I/41Y2L-DZWfL._SS200_.png"" height=""50px"" width=""50px""/> Compact by Design (Certified by Amazon)|Climate Pledge Friendly|Climate Pledge Friendly|Climate Pledge Friendly|<img alt="""" src=""https://m.media-amazon.com/images/I/216-OX9rBaL._SS200_.png"" height=""50px"" width=""50px""/>  Climate Pledge Friendly|<img alt="""" src=""https://m.media-amazon.com/images/I/216-OX9rBaL._SS200_.png"" height=""50px"" width=""50px""/>  Climate Pledge Friendly|<img alt="""" src=""https://m.media-amazon.com/images/I/41Y2L-DZWfL._SS200_.png"" height=""50px"" width=""50px""/> Compact by Design (Certified by Amazon)|Climate Pledge Friendly|Climate Pledge Friendly|Climate Pledge Friendly|<img alt="""" src=""https://m.media-amazon.com/images/I/216-OX9rBaL._SS200_.png"" height=""50px"" width=""50px""/>  Climate Pledge Friendly|<img alt="""" src=""https://m.media-amazon.com/images/I/216-OX9rBaL._SS200_.png"" height=""50px"" width=""50px""/>  Climate Pledge Friendly|<img alt="""" src=""https://m.media-amazon.com/images/I/31OPjlesFNL._SS200_.png"" height=""50px"" width=""50px""/> EWG Verified",,https://m.media-amazon.com/images/I/410FH+v3IoL._AC_UL320_.jpg|https://m.media-amazon.com/images/I/216-OX9rBaL._SS200_.png|||https://m.media-amazon.com/images/I/61R+Blbu7JL._AC_UL320_.jpg|https://m.media-amazon.com/images/I/216-OX9rBaL._SS200_.png|||https://m.media-amazon.com/images/I/51cN2qzlxiL._AC_UL320_.jpg|https://m.media-amazon.com/images/I/216-OX9rBaL._SS200_.png|||https://m.media-amazon.com/images/I/51Ou3I+k-OL._AC_UL320_.jpg|https://m.media-amazon.com/images/I/216-OX9rBaL._SS200_.png|https://m.media-amazon.com/images/I/111mHoVK0kL._SS200_.png||||https://m.media-amazon.com/images/I/61EahyJ2vJL._AC_UL320_.jpg|https://m.media-amazon.com/images/I/216-OX9rBaL._SS200_.png|||https://m.media-amazon.com/images/I/51hTD6uObxL._AC_UL320_.jpg|https://m.media-amazon.com/images/I/216-OX9rBaL._SS200_.png|||https://m.media-amazon.com/images/I/51HEKThvOJL._AC_UL320_.jpg|https://m.media-amazon.com/images/I/216-OX9rBaL._SS200_.png|||https://m.media-amazon.com/images/I/31AN3Yc3QlL._AC_UL320_.jpg|https://m.media-amazon.com/images/I/216-OX9rBaL._SS200_.png||
159,https://www.amazon.com/Wild-Perfect-Liner-651B-Comment/dp/B01MZ9AZ2P/ref=sr_1_7?crid=3PV9TW2PUKH5S&keywords=lip+liner&qid=1668802592&sprefix=lip+liner%2Caps%2C77&sr=8-7,"Lip Liner By Wet n Wild Perfect Pout Matte Retractable Gel Lip Liner Pencil, Red Bare To Comment",1 Count (Pack of 1),4.5 out of 5 stars,"1,375",$3.18 ,"FREE delivery Fri, Nov 25 on $25 of items shipped by AmazonOr fastest delivery Sun, Nov 20|",B01MZ9AZ2P,https://m.media-amazon.com/images/I/71OjYGHkqsL._AC_UL320_.jpg
160,https://www.amazon.com/ISMINE-Matte-Lip-Liner-Pencil/dp/B097GKHCTY/ref=sr_1_8?crid=3PV9TW2PUKH5S&keywords=lip+liner&qid=1668802592&sprefix=lip+liner%2Caps%2C77&sr=8-8,IS'MINE Matte Lip Liner Pencil Set - 12 Assorted Colors High Pigmented Natural Lip Makeup Soft Pencils Longwear Matte Smooth Ultra Fine Lip Liners (Color Set -1),12 Count (Pack of 1),4.2 out of 5 stars,"2,177",$6.99 ,"FREE delivery Fri, Nov 25 on $25 of items shipped by AmazonOr fastest delivery Sun, Nov 20|",B097GKHCTY,https://m.media-amazon.com/images/I/71RzIY5CQ9S._AC_UL320_.jpg
161,https://www.amazon.com/NYX-PROFESSIONAL-MAKEUP-Pencil-Espresso/dp/B079ZX2QBD/ref=sr_1_9?crid=3PV9TW2PUKH5S&keywords=lip+liner&qid=1668802592&sprefix=lip+liner%2Caps%2C77&sr=8-9,"NYX PROFESSIONAL MAKEUP Slim Lip Pencil, Long-Lasting Creamy Lip Liner - Espresso",1 Count (Pack of 1),4.5 out of 5 stars,"29,938",$4.96 ,"FREE delivery Fri, Nov 25 on $25 of items shipped by AmazonOr fastest delivery Sun, Nov 20|",B079ZX2QBD,https://m.media-amazon.com/images/I/61A+7eAdVkL._AC_UL320_.jpg
162,https://www.amazon.com/Wet-Wild-Coloricon-Plumberry-715/dp/B000052ZEU/ref=sr_1_10?crid=3PV9TW2PUKH5S&keywords=lip+liner&qid=1668802592&sprefix=lip+liner%2Caps%2C77&sr=8-10,"Wet n Wild Color Icon Lip Liner, Plumberry, 0.04 Ounce 715",1 Count (Pack of 1),4.4 out of 5 stars,"1,703",$1.29 ,"FREE delivery Fri, Nov 25 on $25 of items shipped by AmazonOr fastest delivery Sun, Nov 20|",B000052ZEU,https://m.media-amazon.com/images/I/714IWZiO-GL._AC_UL320_.jpg
163,https://www.amazon.com/Liquid-Lipstick-Pigment-Velvety-Waterproof/dp/B095Y7JG32/ref=sr_1_11?crid=3PV9TW2PUKH5S&keywords=lip+liner&qid=1668802592&sprefix=lip+liner%2Caps%2C77&sr=8-11,"12Pcs Matte Liquid Lipstick + Lip Liner Pens Set, One Step Lips Makeup Kits Pigment Velvety Nude Lip Stain Waterproof Long Wear Lip Gloss Make up Gift Set (Set A)",12 Piece Set,3.9 out of 5 stars,"6,751",$13.88 ,"FREE delivery Tue, Nov 29 on $25 of items shipped by AmazonOr fastest delivery Sun, Nov 20|",B095Y7JG32,https://m.media-amazon.com/images/I/71Lp1ILEsUL._AC_UL320_.jpg
164,https://www.amazon.com/Italia-Deluxe-Ultra-Liner-color/dp/B013VWRYXE/ref=sr_1_12?crid=3PV9TW2PUKH5S&keywords=lip+liner&qid=1668802592&sprefix=lip+liner%2Caps%2C77&sr=8-12,12pc Italia Deluxe Ultra Fine Lip Liner set of 12 color,12 Count (Pack of 1),4.5 out of 5 stars,"12,407",$8.49 ,"FREE delivery Fri, Nov 25 on $25 of items shipped by AmazonOr fastest delivery Sun, Nov 20|",B013VWRYXE,https://m.media-amazon.com/images/I/71UBd2n1CXL._AC_UL320_.jpg
165,https://www.amazon.com/Revlon-309978100188-ColorStay-Lipliner-Wine/dp/B01EUOU6FK/ref=sr_1_13?crid=3PV9TW2PUKH5S&keywords=lip+liner&qid=1668802592&sprefix=lip+liner%2Caps%2C77&sr=8-13,"Lip Liner by Revlon, Colorstay Face Makeup with Built-in-Sharpener, Longwear Rich Lip Colors, Smooth Application, 670 Wine",1 Count (Pack of 1),4.4 out of 5 stars,"10,019",$7.99 ,"FREE delivery Wed, Nov 23|Climate Pledge Friendly|Climate Pledge Friendly|Climate Pledge Friendly|<img alt="""" src=""https://m.media-amazon.com/images/I/216-OX9rBaL._SS200_.png"" height=""50px"" width=""50px""/>  Climate Pledge Friendly|<img alt="""" src=""https://m.media-amazon.com/images/I/216-OX9rBaL._SS200_.png"" height=""50px"" width=""50px""/>  Climate Pledge Friendly|<img alt="""" src=""https://m.media-amazon.com/images/I/41Y2L-DZWfL._SS200_.png"" height=""50px"" width=""50px""/> Compact by Design (Certified by Amazon)",B01EUOU6FK,https://m.media-amazon.com/images/I/61R+Blbu7JL._AC_UL320_.jpg|https://m.media-amazon.com/images/I/216-OX9rBaL._SS200_.png||
166,https://www.amazon.com/54pcs-Nabi-Quality-Liner-Pencils/dp/B00CVDTMI0/ref=sr_1_14?crid=3PV9TW2PUKH5S&keywords=lip+liner&qid=1668802592&sprefix=lip+liner%2Caps%2C77&sr=8-14,54pcs Nabi Lip Liner Pencils,54 Count (Pack of 1),4.6 out of 5 stars,"3,648",$27.99 ,"FREE delivery Fri, Nov 25 Or fastest delivery Sun, Nov 20|",B00CVDTMI0,https://m.media-amazon.com/images/I/91mvVvVrK1L._AC_UL320_.jpg
167,https://www.amazon.com/High-Pigmented-Lip-Liner-Set/dp/B07PLCZYXF/ref=sr_1_15?crid=3PV9TW2PUKH5S&keywords=lip+liner&qid=1668802592&sprefix=lip+liner%2Caps%2C77&sr=8-15,"High Pigmented Lip Liner Set - Pack of 12 Creamy and Smooth 2-in-1 Matte Make Up Lip Liners Pencil for Daily/Travel/Party/Work, with Eyeliner Function and Sharpener",12 Count (Pack of 1),4.2 out of 5 stars,"2,743",$3.99 ,"FREE delivery Fri, Nov 25 on $25 of items shipped by AmazonOr fastest delivery Tue, Nov 22|",B07PLCZYXF,https://m.media-amazon.com/images/I/81svaek9gLL._AC_UL320_.jpg
168,https://www.amazon.com/HAUS-LABORATORIES-Lady-Gaga-Slayer/dp/B07RWB1TVL/ref=sr_1_16?crid=3PV9TW2PUKH5S&keywords=lip+liner&qid=1668802592&sprefix=lip+liner%2Caps%2C77&sr=8-16,"HAUS LABORATORIES By Lady Gaga: RIP LIP LINER | Demi-Matte Water-Resistant Lip Liner Pencil Available in 16 Colors, Precise & Long Lasting Lip Liner or Lipstick Finish, Vegan & Cruelty-Free",($7.88/Count),4.5 out of 5 stars,"6,133",$7.88 ,"FREE delivery Fri, Nov 25 on $25 of items shipped by AmazonOr fastest delivery Sun, Nov 20|",B07RWB1TVL,https://m.media-amazon.com/images/I/513BSSK-udL._AC_UL320_.jpg
169,https://www.amazon.com/sspa/click?ie=UTF8&spc=MTo3NDk4OTA2OTE1Mzc5OTY0OjE2Njg4MDI1OTI6c3BfbXRmOjIwMDA2ODA1NjE4MzI5ODo6MDo6&url=%2FKasither-LipLiner-Lasting-Sharppens-free%25EF%25BC%2588Set%2Fdp%2FB0B4BKG1MC%2Fref%3Dsr_1_17_sspa%3Fcrid%3D3PV9TW2PUKH5S%26keywords%3Dlip%2Bliner%26qid%3D1668802592%26sprefix%3Dlip%2Bliner%252Caps%252C77%26sr%3D8-17-spons%26sp_csd%3Dd2lkZ2V0TmFtZT1zcF9tdGY%26psc%3D1,"Kasither 6 Colors Matte LipLiner Set, Long Lasting Lip Liner Pencil with Sharppens, Matte Lip Crayon Smooth and Soft, Non-Dry, Easy to Use, Cruelty free（Set-A）",Sponsored,4.1 out of 5 stars,28,$11.85 ,"FREE delivery Fri, Nov 25 on $25 of items shipped by AmazonOr fastest delivery Sun, Nov 20|",B0B4BKG1MC,https://m.media-amazon.com/images/I/71bOmbxBosL._AC_UL320_.jpg
170,https://www.amazon.com/sspa/click?ie=UTF8&spc=MTo3NDk4OTA2OTE1Mzc5OTY0OjE2Njg4MDI1OTI6c3BfbXRmOjIwMDEwMzg0NDMyMTc5ODo6MDo6&url=%2FLipstick-Lipliner-Waterproof-Nonstick-Pigmented%2Fdp%2FB0BGS37RSL%2Fref%3Dsr_1_18_sspa%3Fcrid%3D3PV9TW2PUKH5S%26keywords%3Dlip%2Bliner%26qid%3D1668802592%26sprefix%3Dlip%2Bliner%252Caps%252C77%26sr%3D8-18-spons%26sp_csd%3Dd2lkZ2V0TmFtZT1zcF9tdGY%26psc%3D1,"3 Colors Liquid Matte Lipstick and Lipliner Pack Set, Lip Tint Long Lasting 24 Hour Waterproof Velvet Nonstick Cup Lipgloss Lip Stain Pigmented Lip Makeup Gift Sets for Girls and Women Labiales (set01)",Sponsored,,,$8.98 ,"FREE delivery Fri, Nov 25 on $25 of items shipped by AmazonOr fastest delivery Sun, Nov 20|",B0BGS37RSL,https://m.media-amazon.com/images/I/61bWry8hSpL._AC_UL320_.jpg
171,https://www.amazon.com/sspa/click?ie=UTF8&spc=MTo3NDk4OTA2OTE1Mzc5OTY0OjE2Njg4MDI1OTI6c3BfbXRmOjIwMDA3MzM3MTA0NzI5ODo6MDo6&url=%2FLongwear-Lipstick-Moisture-Ultimate-Collection%2Fdp%2FB0B3TH76PG%2Fref%3Dsr_1_19_sspa%3Fcrid%3D3PV9TW2PUKH5S%26keywords%3Dlip%2Bliner%26qid%3D1668802592%26sprefix%3Dlip%2Bliner%252Caps%252C77%26sr%3D8-19-spons%26sp_csd%3Dd2lkZ2V0TmFtZT1zcF9tdGY%26psc%3D1,"3 Colors Crayon Matte Longwear Lipstick Pack Set,Moisture Smooth Color Stick Ultimate Lip Crayon for Makeup Collection - Nourishing Lipstick with a Matte Finish Waterproof Velvet Lipgloss Lip Stain",Sponsored,3.3 out of 5 stars,21,$8.99 ,"FREE delivery Fri, Nov 25 on $25 of items shipped by AmazonOr fastest delivery Tue, Nov 22|",B0B3TH76PG,https://m.media-amazon.com/images/I/61RynISEnFL._AC_UL320_.jpg
172,https://www.amazon.com/sspa/click?ie=UTF8&spc=MTo3NDk4OTA2OTE1Mzc5OTY0OjE2Njg4MDI1OTI6c3BfbXRmOjIwMDA4NjQ2MDkyNzM5ODo6MDo6&url=%2FLipstick-Moisture-Longwear-Ultimate-Collection%2Fdp%2FB0B8S5GCJ9%2Fref%3Dsr_1_20_sspa%3Fcrid%3D3PV9TW2PUKH5S%26keywords%3Dlip%2Bliner%26qid%3D1668802592%26sprefix%3Dlip%2Bliner%252Caps%252C77%26sr%3D8-20-spons%26sp_csd%3Dd2lkZ2V0TmFtZT1zcF9tdGY%26psc%3D1,"3 Colors Smooth Matte Lipstick Pack Set, Moisture Longwear Color Stick Ultimate Lip Crayon for Makeup Collection - Nourishing Lipstick with a Matte Finish Waterproof Velvet Lipgloss Lip Stain",Sponsored,3.9 out of 5 stars,10,$8.99 ,"FREE delivery Fri, Nov 25 on $25 of items shipped by AmazonOr fastest delivery Sun, Nov 20|",B0B8S5GCJ9,https://m.media-amazon.com/images/I/61a4Sp9SS3L._AC_UL320_.jpg
173,https://www.amazon.com/Rimmel-Lasting-Finish-Liner-Cappuccino/dp/B08CFSS35N/ref=sr_1_21?crid=3PV9TW2PUKH5S&keywords=lip+liner&qid=1668802592&sprefix=lip+liner%2Caps%2C77&sr=8-21,"Rimmel Lasting Finish 8HR Lip Liner, 705 Cappuccino, Pack of 1",1 Count (Pack of 1),4.4 out of 5 stars,"3,183",$5.99 ,"FREE delivery Fri, Nov 25 on $25 of items shipped by AmazonOr fastest delivery Sun, Nov 20|",B08CFSS35N,https://m.media-amazon.com/images/I/31wziYayMeS._AC_UL320_.jpg
174,https://www.amazon.com/Colors-Retractable-Waterproof-Lasting-Resistant/dp/B0B5NSG824/ref=sr_1_22?crid=3PV9TW2PUKH5S&keywords=lip+liner&qid=1668802592&sprefix=lip+liner%2Caps%2C77&sr=8-22,"12 Colors Retractable Waterproof Lip Liner Set, Roll It Up Auto Lip Liner Pencil, Long Lasting Fade Resistant",12 Count (Pack of 1),4.1 out of 5 stars,37,$9.99 ,"FREE delivery Fri, Nov 25 on $25 of items shipped by AmazonOr fastest delivery Mon, Nov 21|",B0B5NSG824,https://m.media-amazon.com/images/I/71-GYT-XZdL._AC_UL320_.jpg
175,https://www.amazon.com/Wild-Perfect-Liner-652C-Burgundy/dp/B01MZ9H855/ref=sr_1_23?crid=3PV9TW2PUKH5S&keywords=lip+liner&qid=1668802592&sprefix=lip+liner%2Caps%2C77&sr=8-23,"Lip Liner By Wet n Wild Perfect Pout Matte Retractable Gel Lip Liner Pencil, Red Gone Burgundy",1 Count (Pack of 1),4.5 out of 5 stars,"1,375",$3.15 ,"FREE delivery Fri, Nov 25 on $25 of items shipped by Amazon|",B01MZ9H855,https://m.media-amazon.com/images/I/51BvxFC1wDL._AC_UL320_.jpg
176,https://www.amazon.com/NYX-Mechanical-Lip-Pencil-Cocoa/dp/B005G9LPMC/ref=sr_1_24?crid=3PV9TW2PUKH5S&keywords=lip+liner&qid=1668802592&sprefix=lip+liner%2Caps%2C77&sr=8-24,"NYX Mechanical Lip Pencil, Cocoa",1 Count (Pack of 1),4.5 out of 5 stars,"8,380",$5.00 ,"FREE delivery Fri, Nov 25 on $25 of items shipped by AmazonOr fastest delivery Sun, Nov 20|",B005G9LPMC,https://m.media-amazon.com/images/I/51P3uP5pr5L._AC_UL320_.jpg
177,https://www.amazon.com/Palladio-Retractable-Liner-Pencil-Plum/dp/B000E9FXZE/ref=sr_1_25?crid=3PV9TW2PUKH5S&keywords=lip+liner&qid=1668802592&sprefix=lip+liner%2Caps%2C77&sr=8-25,"Palladio, Retractable Waterproof Lip Liner High Pigmented and Creamy Color Slim Twist Up Smudge Proof Formula with Long Lasting All Day Wear No Sharpener Required, Plum, 1 Count",1 Count (Pack of 1),4.3 out of 5 stars,"3,113",$7.99 ,"FREE delivery Fri, Nov 25 on $25 of items shipped by AmazonOr fastest delivery Sun, Nov 20||Small Business|Small Business|Small Business|<img alt="""" src=""https://m.media-amazon.com/images/I/111mHoVK0kL._SS200_.png"" height=""50px"" width=""50px""/>  Small Business|<img alt="""" src=""https://m.media-amazon.com/images/I/111mHoVK0kL._SS200_.png"" height=""50px"" width=""50px""/>  Small Business",B000E9FXZE,https://m.media-amazon.com/images/I/41s2KxNFphL._AC_UL320_.jpg|https://m.media-amazon.com/images/I/111mHoVK0kL._SS200_.png|
178,https://www.amazon.com/NYX-PROFESSIONAL-MAKEUP-Pencil-Ounce/dp/B079ZY1WW1/ref=sr_1_26?crid=3PV9TW2PUKH5S&keywords=lip+liner&qid=1668802592&sprefix=lip+liner%2Caps%2C77&sr=8-26,"NYX PROFESSIONAL MAKEUP Slim Lip Pencil, Long-Lasting Creamy Lip Liner - Pale Pink",1 Count (Pack of 1),4.5 out of 5 stars,"29,938",$4.96 ,"FREE delivery Fri, Nov 25 on $25 of items shipped by AmazonOr fastest delivery Sun, Nov 20|",B079ZY1WW1,https://m.media-amazon.com/images/I/614hSnWqQ4L._AC_UL320_.jpg
179,https://www.amazon.com/Nars-Precision-Lip-Liner-Cassis/dp/B075DDJPQL/ref=sr_1_27?crid=3PV9TW2PUKH5S&keywords=lip+liner&qid=1668802592&sprefix=lip+liner%2Caps%2C77&sr=8-27,"Nars Precision Lip Liner Cassis, 0.04 Ounce",1 Count (Pack of 1),4.7 out of 5 stars,81,$8.53 ,"FREE delivery Fri, Nov 25 on $25 of items shipped by AmazonOr fastest delivery Sun, Nov 20|",B075DDJPQL,https://m.media-amazon.com/images/I/41eTGrztWhL._AC_UL320_.jpg
180,https://www.amazon.com/Nars-Precision-Lip-Liner-Menton/dp/B074XB1NB7/ref=sr_1_28?crid=3PV9TW2PUKH5S&keywords=lip+liner&qid=1668802592&sprefix=lip+liner%2Caps%2C77&sr=8-28,"NARS Precision Lip Liner Menton, 0.04 Ounce, (I0089927)",1 Count (Pack of 1),4.7 out of 5 stars,81,$3.00 ,"FREE delivery Fri, Nov 25 on $25 of items shipped by AmazonOr fastest delivery Sun, Nov 20|",B074XB1NB7,https://m.media-amazon.com/images/I/51XLpheWlhL._AC_UL320_.jpg
181,https://www.amazon.com/Lipstick-Velvety-Lipsticks-Matching-Waterproof/dp/B09MVHDQRG/ref=sr_1_29?crid=3PV9TW2PUKH5S&keywords=lip+liner&qid=1668802592&sprefix=lip+liner%2Caps%2C77&sr=8-29,"12pcs Lip Liner and Lipstick Makeup Set, 6 Velvety Matte Liquid Lipsticks + 6 Matching Smooth Lip Liner One Step Lips Makeup Kits Waterproof Long Lasting Matte Lipstick Gift Set",12 Count (Pack of 1),3.9 out of 5 stars,925,$12.88 ,"FREE delivery Fri, Nov 25 on $25 of items shipped by AmazonOr fastest delivery Sun, Nov 20|",B09MVHDQRG,https://m.media-amazon.com/images/I/71gE70qTukL._AC_UL320_.jpg
182,https://www.amazon.com/LOreal-Paris-Colour-Burgundy-0-0070-Ounce/dp/B004BCZ68E/ref=sr_1_30?crid=3PV9TW2PUKH5S&keywords=lip+liner&qid=1668802592&sprefix=lip+liner%2Caps%2C77&sr=8-30,"L'Oréal Paris Colour Riche Lip Liner, Truly Burgundy, 0.007 Oz",1 Count (Pack of 1),4.6 out of 5 stars,"6,011",$6.97 ,"FREE delivery Fri, Nov 25 on $25 of items shipped by AmazonOr fastest delivery Sun, Nov 20|",B004BCZ68E,https://m.media-amazon.com/images/I/6158LxYOF7L._AC_UL320_.jpg
183,https://www.amazon.com/SHANY-Dreamy-Dozen-Matte-Liner/dp/B07KQT9SNK/ref=sr_1_31?crid=3PV9TW2PUKH5S&keywords=lip+liner&qid=1668802592&sprefix=lip+liner%2Caps%2C77&sr=8-31,SHANY Vegan Dreamy Dozen Matte Lip Liner Set - Long-Lasting Professional Velvet Lipstick Pencils in Varying Shades - Pack of 12,12 Count (Pack of 1),4.2 out of 5 stars,280,$7.98 ,"FREE delivery Fri, Nov 25 on $25 of items shipped by AmazonOr fastest delivery Sun, Nov 20||Small Business|Small Business|Small Business|<img alt="""" src=""https://m.media-amazon.com/images/I/111mHoVK0kL._SS200_.png"" height=""50px"" width=""50px""/>  Small Business|<img alt="""" src=""https://m.media-amazon.com/images/I/111mHoVK0kL._SS200_.png"" height=""50px"" width=""50px""/>  Small Business",B07KQT9SNK,https://m.media-amazon.com/images/I/81U0Go7yKIL._AC_UL320_.jpg|https://m.media-amazon.com/images/I/111mHoVK0kL._SS200_.png|
184,https://www.amazon.com/Lipliners-Long-Lasting-Non-Stick-Waterproof-Pigmented/dp/B098KTCG6T/ref=sr_1_32?crid=3PV9TW2PUKH5S&keywords=lip+liner&qid=1668802592&sprefix=lip+liner%2Caps%2C77&sr=8-32,6 Matte Lipstick with 6 Lipliners Durable Lip Gloss Long-Lasting Non-Stick Cup Not Fade Waterproof High Pigmented Velvet Lipgloss Kit Beauty Cosmetics Makeup Gift for Girls(12PCS),12 Piece Set,4.0 out of 5 stars,"1,711",$9.92 ,"FREE delivery Fri, Nov 25 on $25 of items shipped by AmazonOr fastest delivery Sun, Nov 20|",B098KTCG6T,https://m.media-amazon.com/images/I/71t-e9kCEOL._AC_UL320_.jpg
185,https://www.amazon.com/sspa/click?ie=UTF8&spc=MTo3NDk4OTA2OTE1Mzc5OTY0OjE2Njg4MDI1OTI6c3BfbXRmOjIwMDA1MDk2OTcwNTg5ODo6MDo6&url=%2FPeripera-Longwear-Weightless-Gluten-Free-Paraben-Free%2Fdp%2FB09J14K5T6%2Fref%3Dsr_1_33_sspa%3Fcrid%3D3PV9TW2PUKH5S%26keywords%3Dlip%2Bliner%26qid%3D1668802592%26sprefix%3Dlip%2Bliner%252Caps%252C77%26sr%3D8-33-spons%26sp_csd%3Dd2lkZ2V0TmFtZT1zcF9tdGY%26psc%3D1,"Peripera Ink the Velvet Lip Tint | High Pigment Color, Longwear, Weightless, Not Animal Tested, Gluten-Free, Paraben-Free | #023 NUTTY NUDE, 0.14 fl oz",Sponsored,4.0 out of 5 stars,"24,189",$9.90 ,"FREE delivery Fri, Nov 25 on $25 of items shipped by AmazonOr fastest delivery Sun, Nov 20|",B09J14K5T6,https://m.media-amazon.com/images/I/51jIXP-jzCL._AC_UL320_.jpg
186,https://www.amazon.com/sspa/click?ie=UTF8&spc=MTo3NDk4OTA2OTE1Mzc5OTY0OjE2Njg4MDI1OTI6c3BfbXRmOjIwMDA3MTEwNjY3MzQ5ODo6MDo6&url=%2FLongwear-Lipstick-Sharpener-Nourishing-Waterproof%2Fdp%2FB0B3XKM6PS%2Fref%3Dsr_1_34_sspa%3Fcrid%3D3PV9TW2PUKH5S%26keywords%3Dlip%2Bliner%26qid%3D1668802592%26sprefix%3Dlip%2Bliner%252Caps%252C77%26sr%3D8-34-spons%26sp_csd%3Dd2lkZ2V0TmFtZT1zcF9tdGY%26psc%3D1,"3 Colors Crayon Matte Longwear Lipstick Pack Set,Moisture Smooth Lipliner With Built-in Sharpener Ultimate Lip Crayon for Makeup- Nourishing Lipstick with a Waterproof Velvet Lipgloss Lip Stain",Sponsored,3.9 out of 5 stars,21,$8.99 ,"FREE delivery Fri, Nov 25 on $25 of items shipped by AmazonOr fastest delivery Sun, Nov 20|",B0B3XKM6PS,https://m.media-amazon.com/images/I/61mg+d-9aIL._AC_UL320_.jpg
187,https://www.amazon.com/sspa/click?ie=UTF8&spc=MTo3NDk4OTA2OTE1Mzc5OTY0OjE2Njg4MDI1OTI6c3BfbXRmOjIwMDA4MTA5MTEzMDk5ODo6MDo6&url=%2FPetansy-Lipstick-Shimmer-Waterproof-Lipsticks%2Fdp%2FB0B6HVJK57%2Fref%3Dsr_1_35_sspa%3Fcrid%3D3PV9TW2PUKH5S%26keywords%3Dlip%2Bliner%26qid%3D1668802592%26sprefix%3Dlip%2Bliner%252Caps%252C77%26sr%3D8-35-spons%26sp_csd%3Dd2lkZ2V0TmFtZT1zcF9tdGY%26psc%3D1,"Petansy 15Pcs Lip Liner and Lipstick Set, 7 Colors Lip Liner Pencil + 5 Colors Liquid Nude Lipstick + 2 Colors Matte Shimmer Lipstick + 1Pcs Lip Plumper Makeup Set Long Lasting Waterproof Lipsticks Gift Set (B)",Sponsored,3.9 out of 5 stars,329,$15.89 ,"FREE delivery Fri, Nov 25 on $25 of items shipped by AmazonOr fastest delivery Sun, Nov 20|",B0B6HVJK57,https://m.media-amazon.com/images/I/71ONJ5sVFCL._AC_UL320_.jpg
188,https://www.amazon.com/sspa/click?ie=UTF8&spc=MTo3NDk4OTA2OTE1Mzc5OTY0OjE2Njg4MDI1OTI6c3BfbXRmOjIwMDA4Njc0ODAzNzY5ODo6MDo6&url=%2FLipstick-Moisture-Longwear-Ultimate-Collection%2Fdp%2FB0B8S67KVN%2Fref%3Dsr_1_36_sspa%3Fcrid%3D3PV9TW2PUKH5S%26keywords%3Dlip%2Bliner%26qid%3D1668802592%26sprefix%3Dlip%2Bliner%252Caps%252C77%26sr%3D8-36-spons%26sp_csd%3Dd2lkZ2V0TmFtZT1zcF9tdGY%26psc%3D1,"3 Colors Smooth Matte Lipstick Pack Set, Moisture Longwear Color Stick Ultimate Lip Crayon for Makeup Collection - Nourishing Lipstick with a Matte Finish Waterproof Velvet Lipgloss Lip Stain",Sponsored,3.6 out of 5 stars,6,$8.99 ,"FREE delivery Fri, Nov 25 on $25 of items shipped by AmazonOr fastest delivery Sun, Nov 20|",B0B8S67KVN,https://m.media-amazon.com/images/I/61SM+2cmm1L._AC_UL320_.jpg
189,https://www.amazon.com/Nude-Spice-Lip-Liner-Duo/dp/B08G1ZP919/ref=sr_1_37?crid=3PV9TW2PUKH5S&keywords=lip+liner&qid=1668802592&sprefix=lip+liner%2Caps%2C77&sr=8-37,Nude & Spice Lip Liner Duo,2 Count (Pack of 1),4.6 out of 5 stars,328,$8.95 ,"FREE delivery on $25 shipped by Amazon.|Small Business|Small Business|Small Business|<img alt="""" src=""https://m.media-amazon.com/images/I/111mHoVK0kL._SS200_.png"" height=""50px"" width=""50px""/>  Small Business|<img alt="""" src=""https://m.media-amazon.com/images/I/111mHoVK0kL._SS200_.png"" height=""50px"" width=""50px""/>  Small Business",B08G1ZP919,https://m.media-amazon.com/images/I/51Sag+oVT7L._AC_UL320_.jpg|https://m.media-amazon.com/images/I/111mHoVK0kL._SS200_.png|
190,https://www.amazon.com/NYX-PROFESSIONAL-MAKEUP-Slide-Pencil/dp/B017LJQ0WE/ref=sr_1_38?crid=3PV9TW2PUKH5S&keywords=lip+liner&qid=1668802592&sprefix=lip+liner%2Caps%2C77&sr=8-38,"NYX PROFESSIONAL MAKEUP Slide On Lip Pencil, Lip Liner - Urban Cafe (Brown)",1 Count (Pack of 1),4.4 out of 5 stars,"3,882",$7.99 ,"FREE delivery Fri, Nov 25 on $25 of items shipped by AmazonOr fastest delivery Tue, Nov 22|",B017LJQ0WE,https://m.media-amazon.com/images/I/61KLstiXf3L._AC_UL320_.jpg
191,https://www.amazon.com/Wet-Perfect-Liner-0-007-Mauves/dp/B07PKW2MKF/ref=sr_1_39?crid=3PV9TW2PUKH5S&keywords=lip+liner&qid=1668802592&sprefix=lip+liner%2Caps%2C77&sr=8-39,"Lip Liner By Wet n Wild Perfect Pout Matte Retractable Gel Lip Liner Pencil, Purple Lay Down the Mauves",1 Count (Pack of 1),4.5 out of 5 stars,"1,375",$3.18 ,"FREE delivery Fri, Nov 25 on $25 of items shipped by AmazonOr fastest delivery Sun, Nov 20|",B07PKW2MKF,https://m.media-amazon.com/images/I/71S754TWA1L._AC_UL320_.jpg
192,https://www.amazon.com/Longwear-Lipstick-Sharpener-Nourishing-Waterproof/dp/B0B3XKM6PS/ref=sr_1_40?crid=3PV9TW2PUKH5S&keywords=lip+liner&qid=1668802592&sprefix=lip+liner%2Caps%2C77&sr=8-40,"3 Colors Crayon Matte Longwear Lipstick Pack Set,Moisture Smooth Lipliner With Built-in Sharpener Ultimate Lip Crayon for Makeup- Nourishing Lipstick with a Waterproof Velvet Lipgloss Lip Stain",3 Count (Pack of 1),3.9 out of 5 stars,21,$8.99 ,"FREE delivery Fri, Nov 25 on $25 of items shipped by AmazonOr fastest delivery Sun, Nov 20|",B0B3XKM6PS,https://m.media-amazon.com/images/I/61mg+d-9aIL._AC_UL320_.jpg
193,https://www.amazon.com/NYX-PROFESSIONAL-MAKEUP-Butter-Ginger/dp/B00ICU2UZS/ref=sr_1_41?crid=3PV9TW2PUKH5S&keywords=lip+liner&qid=1668802592&sprefix=lip+liner%2Caps%2C77&sr=8-41,"NYX PROFESSIONAL MAKEUP Butter Gloss, Non-Sticky Lip Gloss - Ginger Snap (Chocolate Brown)",1 Count (Pack of 1),4.5 out of 5 stars,"80,872",$4.77 ,"FREE delivery Fri, Nov 25 on $25 of items shipped by AmazonOr fastest delivery Sun, Nov 20|",B00ICU2UZS,https://m.media-amazon.com/images/I/51XSqtVa+oL._AC_UL320_.jpg
194,https://www.amazon.com/NYX-PROFESSIONAL-MAKEUP-Butter-Non-Sticky/dp/B09SP2XHKT/ref=sr_1_42?crid=3PV9TW2PUKH5S&keywords=lip+liner&qid=1668802592&sprefix=lip+liner%2Caps%2C77&sr=8-42,"NYX PROFESSIONAL MAKEUP Butter Gloss, Non-Sticky Lip Gloss - Sugar Glass (Clear)",1 Count (Pack of 1),4.5 out of 5 stars,"80,872",$4.97 ,FREE delivery on $25 shipped by Amazon.,B09SP2XHKT,https://m.media-amazon.com/images/I/51Ba+Npec2L._AC_UL320_.jpg
195,https://www.amazon.com/Maybelline-New-York-SuperStay-Lipstick/dp/B07PGQDWMT/ref=sr_1_43?crid=3PV9TW2PUKH5S&keywords=lip+liner&qid=1668802592&sprefix=lip+liner%2Caps%2C77&sr=8-43,"Maybelline Super Stay Ink Crayon Lipstick, Precision Tip Matte Lip Crayon with Built-in Sharpener, Longwear Up To 8Hrs, Lead The Way, Pink Beige, 0.04 oz",0.04 Fl Oz (Pack of 1),4.5 out of 5 stars,"24,829",$8.98 ,"FREE delivery Fri, Nov 25 on $25 of items shipped by AmazonOr fastest delivery Sun, Nov 20|",B07PGQDWMT,https://m.media-amazon.com/images/I/71HsByGdEBL._AC_UL320_.jpg
196,https://www.amazon.com/Pencils-Waterproof-Petansy-Pigmented-Lipstick/dp/B0BJCRG7VK/ref=sr_1_44?crid=3PV9TW2PUKH5S&keywords=lip+liner&qid=1668802592&sprefix=lip+liner%2Caps%2C77&sr=8-44,Lip Liner Pencils Set 12 Colors Waterproof Smooth Lip Pencils Petansy High Pigmented Lip Liner Set Matte Lipstick Pen,1 Count (Pack of 12),,,$13.89 ,"FREE delivery Fri, Nov 25 on $25 of items shipped by AmazonOr fastest delivery Sun, Nov 20|",B0BJCRG7VK,https://m.media-amazon.com/images/I/81RbIpFZ6pL._AC_UL320_.jpg
197,https://www.amazon.com/Barry-liner9-Lip-Liner-Mulberry/dp/B001TH8NM0/ref=sr_1_45?crid=3PV9TW2PUKH5S&keywords=lip+liner&qid=1668802592&sprefix=lip+liner%2Caps%2C77&sr=8-45,Barry M Cosmetics - Lip Liner - Mulberry liner9,1 Count (Pack of 1),4.5 out of 5 stars,"7,637",$10.16 ,"FREE delivery Fri, Nov 25 on $25 of items shipped by AmazonOr fastest delivery Sun, Nov 20|",B001TH8NM0,https://m.media-amazon.com/images/I/71faJc95XDL._AC_UL320_.jpg
198,https://www.amazon.com/Lasting-Finish-Exaggerate-Automatic-Liner/dp/B0931HXRTP/ref=sr_1_46?crid=3PV9TW2PUKH5S&keywords=lip+liner&qid=1668802592&sprefix=lip+liner%2Caps%2C77&sr=8-46,"Lasting Finish Exaggerate Automatic Lip Liner, 105 Mauve Spell",1 Count (Pack of 1),4.4 out of 5 stars,225,$5.93 ,"FREE delivery Fri, Nov 25 on $25 of items shipped by AmazonOr fastest delivery Sun, Nov 20|",B0931HXRTP,https://m.media-amazon.com/images/I/51o68aX6eoL._AC_UL320_.jpg
199,https://www.amazon.com/Rimmel-Lasting-Finish-Liner-Nude/dp/B08CFMTMK6/ref=sr_1_47?crid=3PV9TW2PUKH5S&keywords=lip+liner&qid=1668802592&sprefix=lip+liner%2Caps%2C77&sr=8-47,"Rimmel Lasting Finish 8HR Lip Liner, 760 90s Nude, Pack of 1",1 Count (Pack of 1),4.4 out of 5 stars,"3,183",$5.99 ,"FREE delivery Fri, Nov 25 on $25 of items shipped by AmazonOr fastest delivery Sun, Nov 20|",B08CFMTMK6,https://m.media-amazon.com/images/I/61LbVSqEr4L._AC_UL320_.jpg
200,https://www.amazon.com/Peripera-Longwear-Weightless-Gluten-Free-Paraben-Free/dp/B0B3R7J965/ref=sr_1_48?crid=3PV9TW2PUKH5S&keywords=lip+liner&qid=1668802592&sprefix=lip+liner%2Caps%2C77&sr=8-48,"Peripera Ink the Velvet Lip Tint | High Pigment Color, Longwear, Weightless, Not Animal Tested, Gluten-Free, Paraben-Free | 0.14 fl oz (Kit, #1 Liner Kit)",2 Piece Set,4.0 out of 5 stars,"24,189",$15.00 ,"FREE delivery Fri, Nov 25 on $25 of items shipped by AmazonOr fastest delivery Sun, Nov 20|",B0B3R7J965,https://m.media-amazon.com/images/I/51n4LI8tguL._AC_UL320_.jpg
201,https://www.amazon.com/Lipstick-Waterproof-Non-Stick-lipstick-Pigmented/dp/B0B5VNDFDR/ref=sr_1_49?crid=3PV9TW2PUKH5S&keywords=lip+liner&qid=1668802592&sprefix=lip+liner%2Caps%2C77&sr=8-49,"6Pcs Lip Liner Pens + Matte Liquid Lipstick Set, Super Long Lasting Waterproof Non-Stick Cup Velvety Nude lipstick Kit, High Pigmented Lip Makeup Gift Set for Women (Set A)",0.17 Fl Oz (Pack of 6),3.6 out of 5 stars,59,$7.99 ,"FREE delivery Fri, Nov 25 on $25 of items shipped by AmazonOr fastest delivery Sun, Nov 20|",B0B5VNDFDR,https://m.media-amazon.com/images/I/71l7eq2eoAL._AC_UL320_.jpg
202,https://www.amazon.com/Wet-Wild-Lipstick-Hydrating-Buildable/dp/B00YFPV1TA/ref=sr_1_50?crid=3PV9TW2PUKH5S&keywords=lip+liner&qid=1668802592&sprefix=lip+liner%2Caps%2C77&sr=8-50,wet n wild Silk Finish Lipstick| Hydrating Lip Color| Rich Buildable Color| Breeze Nude,0.13 Ounce (Pack of 1),4.2 out of 5 stars,"26,051",$0.98 ,"FREE delivery Fri, Nov 25 on $25 of items shipped by AmazonOr fastest delivery Sun, Nov 20|",B00YFPV1TA,https://m.media-amazon.com/images/I/71KlZ6X4GHL._AC_UL320_.jpg
203,https://www.amazon.com/wet-wild-Color-Liner-Chestnut/dp/B001KYU5U0/ref=sr_1_51?crid=3PV9TW2PUKH5S&keywords=lip+liner&qid=1668802592&sprefix=lip+liner%2Caps%2C77&sr=8-51,"Lip Liner Pencil By Wet n Wild Color Icon Lip Color Makeup, Dark Brown Chestnut",0.04 Ounce (Pack of 1),4.4 out of 5 stars,"1,703",$1.29 ,FREE delivery on $25 shipped by Amazon.,B001KYU5U0,https://m.media-amazon.com/images/I/71M9YaopblL._AC_UL320_.jpg
204,https://www.amazon.com/Haus-Laboratories-Lady-Gaga-LINER/dp/B07YHNDQPC/ref=sr_1_52?crid=3PV9TW2PUKH5S&keywords=lip+liner&qid=1668802592&sprefix=lip+liner%2Caps%2C77&sr=8-52,"HAUS LABORATORIES By Lady Gaga: RIP LIP LINER | Demi-Matte Water-Resistant Lip Liner Pencil Available in 16 Colors, Precise & Long Lasting Lip Liner or Lipstick Finish, Vegan & Cruelty-Free",1 Count (Pack of 1),4.5 out of 5 stars,"6,133",$7.83 ,"FREE delivery Fri, Nov 25 on $25 of items shipped by AmazonOr fastest delivery Sun, Nov 20|",B07YHNDQPC,https://m.media-amazon.com/images/I/51vV9le7UEL._AC_UL320_.jpg
205,https://www.amazon.com/Ruby-Kisses-Auto-Liner-Black/dp/B00EUUK4IE/ref=sr_1_53?crid=3PV9TW2PUKH5S&keywords=lip+liner&qid=1668802592&sprefix=lip+liner%2Caps%2C77&sr=8-53,"Ruby Kisses Auto Lip Liner Pencil, Long Lasting, Smooth Application Mechanical Lip Liner Pencil (Black)",1 Count (Pack of 1),4.1 out of 5 stars,993,$3.99 ,"FREE delivery Fri, Nov 25 on $25 of items shipped by AmazonOr fastest delivery Sun, Nov 20|",B00EUUK4IE,https://m.media-amazon.com/images/I/51V3ZgmOTUL._AC_UL320_.jpg
206,https://www.amazon.com/Matte-Lip-Liner-Pencil-Set/dp/B07G2FRRKF/ref=sr_1_54?crid=3PV9TW2PUKH5S&keywords=lip+liner&qid=1668802592&sprefix=lip+liner%2Caps%2C77&sr=8-54,"Matte Lip Liner Pencil Set - 12 Assorted Colors Natural Lip Makeup Soft Pencils Waterproof and Long Lasting Velvet Lip Liners (red, pink, rose, plum, peach, cherry, dark brown etc) by “wonder X”",12 Count (Pack of 1),3.9 out of 5 stars,"3,435",$6.94 ,"FREE delivery Fri, Nov 25 on $25 of items shipped by AmazonOr fastest delivery Sun, Nov 20|",B07G2FRRKF,https://m.media-amazon.com/images/I/61ZWbZ-yKVL._AC_UL320_.jpg
207,https://www.amazon.com/Colors-Pencil-Waterproof-Non-marking-Lipstick/dp/B077GTYNVR/ref=sr_1_55?crid=3PV9TW2PUKH5S&keywords=lip+liner&qid=1668802592&sprefix=lip+liner%2Caps%2C77&sr=8-55,"DC-BEAUTIFUL 12Pcs Lot Set 12 Colors Lip Liner Pencil Waterproof Non-marking Matt Velvet Lipstick Pen, Professional Long Lasting Lipliner Set with Sharpener(2022 Upgraded )",12 Count (Pack of 1),3.8 out of 5 stars,"3,373",$7.98 ,"FREE delivery Fri, Nov 25 on $25 of items shipped by AmazonOr fastest delivery Sun, Nov 20|",B077GTYNVR,https://m.media-amazon.com/images/I/61Q0-MOwrTL._AC_UL320_.jpg
208,https://www.amazon.com/Kusslippe-Lasting-Smooth-Sparppens-Darjeeling/dp/B09T2H5ZJZ/ref=sr_1_56?crid=3PV9TW2PUKH5S&keywords=lip+liner&qid=1668802592&sprefix=lip+liner%2Caps%2C77&sr=8-56,"Kusslippe Lip Liner, Matte Lip Liner Pen , Long Lasting Smooth and Soft Creamy Color Lip Liner Crayon With Sparppens 0.02 Oz (07#Darjeeling)",0.02 Ounce (Pack of 1),4.4 out of 5 stars,26,$6.35 ,"FREE delivery Tue, Nov 29 on $25 of items shipped by AmazonOr fastest delivery Tue, Nov 22|",B09T2H5ZJZ,https://m.media-amazon.com/images/I/41Tw0RGFM9L._AC_UL320_.jpg
209,https://www.amazon.com/Kasither-LipLiner-Lasting-Sharppens-free%EF%BC%88Set/dp/B0B4BKG1MC/ref=sr_1_57?crid=3PV9TW2PUKH5S&keywords=lip+liner&qid=1668802592&sprefix=lip+liner%2Caps%2C77&sr=8-57,"Kasither 6 Colors Matte LipLiner Set, Long Lasting Lip Liner Pencil with Sharppens, Matte Lip Crayon Smooth and Soft, Non-Dry, Easy to Use, Cruelty free（Set-A）",6 Count (Pack of 1),4.1 out of 5 stars,28,$11.85 ,"FREE delivery Fri, Nov 25 on $25 of items shipped by AmazonOr fastest delivery Sun, Nov 20|",B0B4BKG1MC,https://m.media-amazon.com/images/I/71bOmbxBosL._AC_UL320_.jpg
210,https://www.amazon.com/LOr%C3%A9al-Paris-Colour-Riche-Eternal/dp/B004BCXE7Y/ref=sr_1_58?crid=3PV9TW2PUKH5S&keywords=lip+liner&qid=1668802592&sprefix=lip+liner%2Caps%2C77&sr=8-58,"L'Oréal Paris Colour Riche Lip Liner, Eternal Mauve, 0.007 Oz",1 Count (Pack of 1),4.6 out of 5 stars,"6,011",$8.22 ,"FREE delivery Fri, Nov 25 on $25 of items shipped by AmazonOr fastest delivery Sun, Nov 20|",B004BCXE7Y,https://m.media-amazon.com/images/I/61vQQ1iKPIL._AC_UL320_.jpg
211,https://www.amazon.com/Aseawave-Lipstick-Makeup-Waterproof-Lasting/dp/B09JS66ZSW/ref=sr_1_59?crid=3PV9TW2PUKH5S&keywords=lip+liner&qid=1668802592&sprefix=lip+liner%2Caps%2C77&sr=8-59,"Lip Liner and Lipstick Makeup Set, 6Pcs 2 in 1 Double Head Lipstick Set Waterproof Long Lasting Matte Lipstick Gift Set for Daily/Travel/Party/Work",12.5 Fl Oz (Pack of 2),3.7 out of 5 stars,134,$15.99 ,"FREE delivery Fri, Nov 25 on $25 of items shipped by AmazonOr fastest delivery Sun, Nov 20|",B09JS66ZSW,https://m.media-amazon.com/images/I/71OqXzMNtUL._AC_UL320_.jpg
212,https://www.amazon.com/sspa/click?ie=UTF8&spc=MTo3NDk4OTA2OTE1Mzc5OTY0OjE2Njg4MDI1OTI6c3BfYnRmOjIwMDA4MTgxMDcyODc5ODo6MDo6&url=%2FLiquid-Lipstick-Lipgloss-Waterproof-Lasting%2Fdp%2FB0B3N59DL9%2Fref%3Dsr_1_60_sspa%3Fcrid%3D3PV9TW2PUKH5S%26keywords%3Dlip%2Bliner%26qid%3D1668802592%26sprefix%3Dlip%2Bliner%252Caps%252C77%26sr%3D8-60-spons%26sp_csd%3Dd2lkZ2V0TmFtZT1zcF9idGY%26psc%3D1,"DNM 3Pcs Red Matte Lip Liner and Liquid Lipstick Sets Stay on Lipstick 24 Hour Lip Stick Packs Makeup, Dark Red Brown Matte Lipstick Lipgloss Sets for Dark Skin Women Waterproof Long Lasting 2",Sponsored,3.9 out of 5 stars,499,$9.99 ,"FREE delivery Fri, Nov 25 on $25 of items shipped by AmazonOr fastest delivery Tue, Nov 22|",B0B3N59DL9,https://m.media-amazon.com/images/I/51uqATMGpvL._AC_UL320_.jpg
213,https://aax-us-iad.amazon.com/x/c/RHmzXTA2M3Ooy3yTvd1AXHAAAAGEjGK_bwEAAAH2AQBOL0EgICAgICAgICAgICBOL0EgICAgICAgICAgICCJMg46/https://www.amazon.com/dp/B01FSJV3XK?pd_rd_i=B01FSJV3XK&pf_rd_p=55defc4a-7c1e-47a7-8d1d-5cc458cca688&pf_rd_r=V83FGXT9J11817QGPM8T&pd_rd_wg=RRIT7&pd_rd_w=ALYWo&pd_rd_r=ab956429-1e84-48c2-a6bd-5bfc34a80cd3,"Julep It's Balm 2-in-1 Lip Balm + Buildable Lipstick with Semi-Gloss Finish for Dry, Cracked & Chapped Lips (Vegan), Vintage Mauve",Sponsored,4.1 out of 5 stars,"4,588",$12.00 ,"FREE delivery Fri, Nov 25 on $25 of items shipped by AmazonOr fastest delivery Sun, Nov 20|",,
221,https://www.amazon.com/sspa/click?ie=UTF8&spc=MTo0ODQ4NzU2NzQ3NDgxNDYzOjE2Njg4MDI2MjQ6c3BfYXRmOjIwMDA3MDg4NjU2Mzg5ODo6MDo6&url=%2FVitamasques-Korean-Face-Mask-Kit%2Fdp%2FB09VDF3WBX%2Fref%3Dsr_1_1_sspa%3Fcrid%3D1ZXT1P2328F3F%26keywords%3Dface%2Bmask%2Bskincare%26qid%3D1668802624%26sprefix%3Dface%2Bmask%2Bskincare%252Caps%252C92%26sr%3D8-1-spons%26sp_csd%3Dd2lkZ2V0TmFtZT1zcF9hdGY%26psc%3D1%26smid%3DA2P7ONDB9NLO3E,"Vitamasques Face Masks Skincare Sheet Kit, 7-Pack - Juicy Collection of Triple-Layer Sheet Facial Masks - Pore Purifying, Brightening, and Hydrating Face Mask Skin Care - Boost your Skincare Routine",Sponsored,4.5 out of 5 stars,180,$14.99 ,"FREE delivery Fri, Nov 25 on $25 of items shipped by AmazonOr fastest delivery Sun, Nov 20||Small Business|Small Business|Small Business|<img alt="""" src=""https://m.media-amazon.com/images/I/111mHoVK0kL._SS200_.png"" height=""50px"" width=""50px""/>  Small Business|<img alt="""" src=""https://m.media-amazon.com/images/I/111mHoVK0kL._SS200_.png"" height=""50px"" width=""50px""/>  Small Business",B09VDF3WBX,https://m.media-amazon.com/images/I/81Lfjwj7OeL._AC_UL320_.jpg|https://m.media-amazon.com/images/I/111mHoVK0kL._SS200_.png|
222,https://www.amazon.com/sspa/click?ie=UTF8&spc=MTo0ODQ4NzU2NzQ3NDgxNDYzOjE2Njg4MDI2MjQ6c3BfYXRmOjIwMDA2NzMzMTg2MzQ5ODo6MDo6&url=%2FBliss-Marshmallow-Brightening-Hydrating-Cruelty%2Fdp%2FB079QQR8F2%2Fref%3Dsr_1_2_sspa%3Fcrid%3D1ZXT1P2328F3F%26keywords%3Dface%2Bmask%2Bskincare%26qid%3D1668802624%26sprefix%3Dface%2Bmask%2Bskincare%252Caps%252C92%26sr%3D8-2-spons%26sp_csd%3Dd2lkZ2V0TmFtZT1zcF9hdGY%26psc%3D1%26smid%3DA3V5JDN84JNH2I,bliss - Mighty Marshmallow Face Mask | Brightening & Hydrating Face Mask| Vegan | Cruelty Free | Paraben Free | 1.7 fl. oz.,Sponsored,4.5 out of 5 stars,"2,789",$12.00 ,"FREE delivery Fri, Nov 25 on $25 of items shipped by AmazonOr fastest delivery Sun, Nov 20||Small Business|Small Business|Small Business|<img alt="""" src=""https://m.media-amazon.com/images/I/111mHoVK0kL._SS200_.png"" height=""50px"" width=""50px""/>  Small Business|<img alt="""" src=""https://m.media-amazon.com/images/I/111mHoVK0kL._SS200_.png"" height=""50px"" width=""50px""/>  Small Business",B079QQR8F2,https://m.media-amazon.com/images/I/61IG6qXUooL._AC_UL320_.jpg|https://m.media-amazon.com/images/I/111mHoVK0kL._SS200_.png|
223,https://www.amazon.com/sspa/click?ie=UTF8&spc=MTo0ODQ4NzU2NzQ3NDgxNDYzOjE2Njg4MDI2MjQ6c3BfYXRmOjIwMDA1ODEyNTM3Njc5ODo6MDo6&url=%2FDead-Sea-Mask-Face-Body%2Fdp%2FB01NCM25K7%2Fref%3Dsr_1_3_sspa%3Fcrid%3D1ZXT1P2328F3F%26keywords%3Dface%2Bmask%2Bskincare%26qid%3D1668802624%26sprefix%3Dface%2Bmask%2Bskincare%252Caps%252C92%26sr%3D8-3-spons%26sp_csd%3Dd2lkZ2V0TmFtZT1zcF9hdGY%26psc%3D1,"New York Biology Dead Sea Mud Mask for Face and Body - Spa Quality Pore Reducer for Acne, Blackheads and Oily Skin, Natural Skincare for Women, Men - Tightens Skin for A Healthier Complexion - 8.8 oz",Sponsored,4.5 out of 5 stars,"43,204",$16.95 ,"FREE delivery Fri, Nov 25 on $25 of items shipped by AmazonOr fastest delivery Sun, Nov 20|",B01NCM25K7,https://m.media-amazon.com/images/I/71KySPp2szS._AC_UL320_.jpg
224,https://www.amazon.com/sspa/click?ie=UTF8&spc=MTo0ODQ4NzU2NzQ3NDgxNDYzOjE2Njg4MDI2MjQ6c3BfYXRmOjIwMDA4OTE4NTM3Nzg4MTo6MDo6&url=%2FFaceTory-Seven-Facial-Masks-Collection%2Fdp%2FB07TBBPCKY%2Fref%3Dsr_1_4_sspa%3Fcrid%3D1ZXT1P2328F3F%26keywords%3Dface%2Bmask%2Bskincare%26qid%3D1668802624%26sprefix%3Dface%2Bmask%2Bskincare%252Caps%252C92%26sr%3D8-4-spons%26sp_csd%3Dd2lkZ2V0TmFtZT1zcF9hdGY%26psc%3D1%26smid%3DARWG5MYTP9X93,"FaceTory Best of Seven Facial Masks Collection - Hydrate, Radiance Boost, Soothe, Revitalize, Nourish, Purify Skin - For All Skin Types, Variety Pack of 7 Sheet Masks",Sponsored,4.7 out of 5 stars,"4,615",$11.16 ,"FREE delivery Fri, Nov 25 on $25 of items shipped by AmazonOr fastest delivery Sun, Nov 20||Small Business|Small Business|Small Business|<img alt="""" src=""https://m.media-amazon.com/images/I/111mHoVK0kL._SS200_.png"" height=""50px"" width=""50px""/>  Small Business|<img alt="""" src=""https://m.media-amazon.com/images/I/111mHoVK0kL._SS200_.png"" height=""50px"" width=""50px""/>  Small Business",B07TBBPCKY,https://m.media-amazon.com/images/I/71ooSyUaVXL._AC_UL320_.jpg|https://m.media-amazon.com/images/I/111mHoVK0kL._SS200_.png|
225,https://www.amazon.com/Collagen-12-Sheets-Skincare-Moisturize-Pigmentation/dp/B07FPJHPX1/ref=sr_1_5?crid=1ZXT1P2328F3F&keywords=face+mask+skincare&qid=1668802624&sprefix=face+mask+skincare%2Caps%2C92&sr=8-5,Celavi Essence Facial Sheet Face Mask Variety Set Classic Authentic Korean Moisturizing Skincare (12-Packs),12 Count (Pack of 1),4.6 out of 5 stars,"8,386",$9.99 ,"FREE delivery Fri, Nov 25 on $25 of items shipped by AmazonOr fastest delivery Sun, Nov 20||Small Business|Small Business|Small Business|<img alt="""" src=""https://m.media-amazon.com/images/I/111mHoVK0kL._SS200_.png"" height=""50px"" width=""50px""/>  Small Business|<img alt="""" src=""https://m.media-amazon.com/images/I/111mHoVK0kL._SS200_.png"" height=""50px"" width=""50px""/>  Small Business",B07FPJHPX1,https://m.media-amazon.com/images/I/81IPI75Hj6L._AC_UL320_.jpg|https://m.media-amazon.com/images/I/111mHoVK0kL._SS200_.png|
226,https://www.amazon.com/DERMAL-Collagen-Essence-Facial-Sheet/dp/B0722LVW3B/ref=sr_1_6?crid=1ZXT1P2328F3F&keywords=face+mask+skincare&qid=1668802624&sprefix=face+mask+skincare%2Caps%2C92&sr=8-6,"DERMAL 24 Combo Pack Collagen Essence Full Face Facial Mask Sheet - Sensitive Soothing, Anti-Acne, Nourishing Cleansing Korean Face Mask - Natural Skincare Spa Facial Mask Set for Women, Men",($0.62/Count),4.6 out of 5 stars,"20,207",$14.99 ,"FREE delivery Fri, Nov 25 on $25 of items shipped by AmazonOr fastest delivery Sun, Nov 20|",B0722LVW3B,https://m.media-amazon.com/images/I/716fLNHvNOL._AC_UL320_.jpg
227,https://www.amazon.com/Dead-Sea-Mask-Face-Body/dp/B01NCM25K7/ref=sr_1_7?crid=1ZXT1P2328F3F&keywords=face+mask+skincare&qid=1668802624&sprefix=face+mask+skincare%2Caps%2C92&sr=8-7,"New York Biology Dead Sea Mud Mask for Face and Body - Spa Quality Pore Reducer for Acne, Blackheads and Oily Skin, Natural Skincare for Women, Men - Tightens Skin for A Healthier Complexion - 8.8 oz",8.8 Ounce (Pack of 1),4.5 out of 5 stars,"43,204",$16.95 ,"FREE delivery Fri, Nov 25 on $25 of items shipped by AmazonOr fastest delivery Sun, Nov 20|",B01NCM25K7,https://m.media-amazon.com/images/I/71KySPp2szS._AC_UL320_.jpg
228,https://www.amazon.com/sspa/click?ie=UTF8&spc=MTozMzcwMjg3MTE0Njg3NzI1OjE2Njg4MDI2MjQ6c3Bfc2VhcmNoX3RoZW1hdGljOjIwMDEwNTk4MTAyNzg5ODo6MDo6&url=%2FSaturday-Skin-Regenerist-Moisturizer-Wrinkles%2Fdp%2FB08VVRG88M%2Fref%3Dsxin_16_pa_sp_search_thematic_sspa%3Fcontent-id%3Damzn1.sym.4e7a2229-074e-44de-95c4-9fd858f46295%253Aamzn1.sym.4e7a2229-074e-44de-95c4-9fd858f46295%26crid%3D1ZXT1P2328F3F%26cv_ct_cx%3Dface%2Bmask%2Bskincare%26keywords%3Dface%2Bmask%2Bskincare%26pd_rd_i%3DB08VVRG88M%26pd_rd_r%3Dfb54a053-1b42-4ab9-bfaf-96087437509f%26pd_rd_w%3DCDHFm%26pd_rd_wg%3Dcqeh5%26pf_rd_p%3D4e7a2229-074e-44de-95c4-9fd858f46295%26pf_rd_r%3DWD7QYXPR5KN9RH0407SB%26qid%3D1668802624%26sprefix%3Dface%2Bmask%2Bskincare%252Caps%252C92%26sr%3D1-1-a73d1c8c-2fd2-4f19-aa41-2df022bcb241-spons%26sp_csd%3Dd2lkZ2V0TmFtZT1zcF9zZWFyY2hfdGhlbWF0aWM%26psc%3D1,"Saturday Skin Yuzu Vitamin C Sleep Mask Retinol Niacinamide Face Moisturizer Brightening Sleeping Overnight Mask, Korean beauty, Vegan Smooth Skin and Reduce Wrinkles Ideal for All Skin Types (1.69 Fl. Oz. (50ml))",Sponsored | Based on star rating and number of customer ratings,4.5 out of 5 stars|4.7 out of 5 stars|4.7 out of 5 stars|4.5 out of 5 stars|4.4 out of 5 stars,436|764|961|960|699,$29.00 ,"Small Business|Small Business|Small Business|<img alt="""" src=""https://m.media-amazon.com/images/I/111mHoVK0kL._SS200_.png"" height=""50px"" width=""50px""/>  Small Business|<img alt="""" src=""https://m.media-amazon.com/images/I/111mHoVK0kL._SS200_.png"" height=""50px"" width=""50px""/>  Small Business|Small Business|Small Business|Small Business|<img alt="""" src=""https://m.media-amazon.com/images/I/111mHoVK0kL._SS200_.png"" height=""50px"" width=""50px""/>  Small Business|<img alt="""" src=""https://m.media-amazon.com/images/I/111mHoVK0kL._SS200_.png"" height=""50px"" width=""50px""/>  Small Business",,https://m.media-amazon.com/images/I/71H25hFegNL._AC_UL320_.jpg|https://m.media-amazon.com/images/I/111mHoVK0kL._SS200_.png||https://m.media-amazon.com/images/I/61b6iepUbqL._AC_UL320_.jpg|https://m.media-amazon.com/images/I/61rZVMfO0BL._AC_UL320_.jpg|https://m.media-amazon.com/images/I/71T6kpPffhL._AC_UL320_.jpg|https://m.media-amazon.com/images/I/111mHoVK0kL._SS200_.png||https://m.media-amazon.com/images/I/51MJx6SdsgL._AC_UL320_.jpg
229,https://www.amazon.com/sspa/click?ie=UTF8&spc=MTozMzcwMjg3MTE0Njg3NzI1OjE2Njg4MDI2MjQ6c3Bfc2VhcmNoX3RoZW1hdGljOjIwMDEwNTk4MTAyNzg5ODo6MDo6&url=%2FSaturday-Skin-Regenerist-Moisturizer-Wrinkles%2Fdp%2FB08VVRG88M%2Fref%3Dsxin_16_pa_sp_search_thematic_sspa%3Fcontent-id%3Damzn1.sym.4e7a2229-074e-44de-95c4-9fd858f46295%253Aamzn1.sym.4e7a2229-074e-44de-95c4-9fd858f46295%26crid%3D1ZXT1P2328F3F%26cv_ct_cx%3Dface%2Bmask%2Bskincare%26keywords%3Dface%2Bmask%2Bskincare%26pd_rd_i%3DB08VVRG88M%26pd_rd_r%3Dfb54a053-1b42-4ab9-bfaf-96087437509f%26pd_rd_w%3DCDHFm%26pd_rd_wg%3Dcqeh5%26pf_rd_p%3D4e7a2229-074e-44de-95c4-9fd858f46295%26pf_rd_r%3DWD7QYXPR5KN9RH0407SB%26qid%3D1668802624%26sprefix%3Dface%2Bmask%2Bskincare%252Caps%252C92%26sr%3D1-1-a73d1c8c-2fd2-4f19-aa41-2df022bcb241-spons%26sp_csd%3Dd2lkZ2V0TmFtZT1zcF9zZWFyY2hfdGhlbWF0aWM%26psc%3D1,"Saturday Skin Yuzu Vitamin C Sleep Mask Retinol Niacinamide Face Moisturizer Brightening Sleeping Overnight Mask, Korean beauty, Vegan Smooth Skin and Reduce Wrinkles Ideal for All Skin Types (1.69 Fl. Oz. (50ml))",1.69 Fl Oz (Pack of 1),4.5 out of 5 stars,436,$29.00 ,"Small Business|Small Business|Small Business|<img alt="""" src=""https://m.media-amazon.com/images/I/111mHoVK0kL._SS200_.png"" height=""50px"" width=""50px""/>  Small Business|<img alt="""" src=""https://m.media-amazon.com/images/I/111mHoVK0kL._SS200_.png"" height=""50px"" width=""50px""/>  Small Business",B08VVRG88M,https://m.media-amazon.com/images/I/71H25hFegNL._AC_UL320_.jpg|https://m.media-amazon.com/images/I/111mHoVK0kL._SS200_.png|
230,https://www.amazon.com/sspa/click?ie=UTF8&spc=MTozMzcwMjg3MTE0Njg3NzI1OjE2Njg4MDI2MjQ6c3Bfc2VhcmNoX3RoZW1hdGljOjIwMDAzNjM2NTI3OTY2MTo6MTo6&url=%2FYOUTH-PEOPLE-Superberry-Hydrate-Dream%2Fdp%2FB07PH2BBKS%2Fref%3Dsxin_16_pa_sp_search_thematic_sspa%3Fcontent-id%3Damzn1.sym.4e7a2229-074e-44de-95c4-9fd858f46295%253Aamzn1.sym.4e7a2229-074e-44de-95c4-9fd858f46295%26crid%3D1ZXT1P2328F3F%26cv_ct_cx%3Dface%2Bmask%2Bskincare%26keywords%3Dface%2Bmask%2Bskincare%26pd_rd_i%3DB07PH2BBKS%26pd_rd_r%3Dfb54a053-1b42-4ab9-bfaf-96087437509f%26pd_rd_w%3DCDHFm%26pd_rd_wg%3Dcqeh5%26pf_rd_p%3D4e7a2229-074e-44de-95c4-9fd858f46295%26pf_rd_r%3DWD7QYXPR5KN9RH0407SB%26qid%3D1668802624%26sprefix%3Dface%2Bmask%2Bskincare%252Caps%252C92%26sr%3D1-2-a73d1c8c-2fd2-4f19-aa41-2df022bcb241-spons%26sp_csd%3Dd2lkZ2V0TmFtZT1zcF9zZWFyY2hfdGhlbWF0aWM%26psc%3D1,Youth To The People Superberry Hydrate + Glow Dream Mask - Hydrating Vegan Face Mask with Hyaluronic Acid + Antioxidant Vitamin C for Skin Glow - Anti-Aging Overnight Treatment - Clean Beauty (2oz),2 Ounce (Pack of 1),4.7 out of 5 stars,764,$48.00 ,,B07PH2BBKS,https://m.media-amazon.com/images/I/61b6iepUbqL._AC_UL320_.jpg
231,https://www.amazon.com/sspa/click?ie=UTF8&spc=MTozMzcwMjg3MTE0Njg3NzI1OjE2Njg4MDI2MjQ6c3Bfc2VhcmNoX3RoZW1hdGljOjIwMDA5OTEwNzc4MjY5ODo6Mjo6&url=%2FImage-Vital-Hydrating-Enzyme-Masque%2Fdp%2FB003S5HTHG%2Fref%3Dsxin_16_pa_sp_search_thematic_sspa%3Fcontent-id%3Damzn1.sym.4e7a2229-074e-44de-95c4-9fd858f46295%253Aamzn1.sym.4e7a2229-074e-44de-95c4-9fd858f46295%26crid%3D1ZXT1P2328F3F%26cv_ct_cx%3Dface%2Bmask%2Bskincare%26keywords%3Dface%2Bmask%2Bskincare%26pd_rd_i%3DB003S5HTHG%26pd_rd_r%3Dfb54a053-1b42-4ab9-bfaf-96087437509f%26pd_rd_w%3DCDHFm%26pd_rd_wg%3Dcqeh5%26pf_rd_p%3D4e7a2229-074e-44de-95c4-9fd858f46295%26pf_rd_r%3DWD7QYXPR5KN9RH0407SB%26qid%3D1668802624%26sprefix%3Dface%2Bmask%2Bskincare%252Caps%252C92%26sr%3D1-3-a73d1c8c-2fd2-4f19-aa41-2df022bcb241-spons%26sp_csd%3Dd2lkZ2V0TmFtZT1zcF9zZWFyY2hfdGhlbWF0aWM%26psc%3D1,"IMAGE Skincare, VITAL C Hydrating Enzyme Masque, Brightening Facial Mask with Vitamin C and Hyaluronic Acid, 2 oz",2 Fl Oz (Pack of 1),4.7 out of 5 stars,961,$38.00 ,,B003S5HTHG,https://m.media-amazon.com/images/I/61rZVMfO0BL._AC_UL320_.jpg
232,https://www.amazon.com/sspa/click?ie=UTF8&spc=MTozMzcwMjg3MTE0Njg3NzI1OjE2Njg4MDI2MjQ6c3Bfc2VhcmNoX3RoZW1hdGljOjIwMDA3NDAxNzIwOTU5ODo6Mzo6&url=%2FCollagen-Essence-Aging-Korean-Skincare%2Fdp%2FB07MBHWMHM%2Fref%3Dsxin_16_pa_sp_search_thematic_sspa%3Fcontent-id%3Damzn1.sym.4e7a2229-074e-44de-95c4-9fd858f46295%253Aamzn1.sym.4e7a2229-074e-44de-95c4-9fd858f46295%26crid%3D1ZXT1P2328F3F%26cv_ct_cx%3Dface%2Bmask%2Bskincare%26keywords%3Dface%2Bmask%2Bskincare%26pd_rd_i%3DB07MBHWMHM%26pd_rd_r%3Dfb54a053-1b42-4ab9-bfaf-96087437509f%26pd_rd_w%3DCDHFm%26pd_rd_wg%3Dcqeh5%26pf_rd_p%3D4e7a2229-074e-44de-95c4-9fd858f46295%26pf_rd_r%3DWD7QYXPR5KN9RH0407SB%26qid%3D1668802624%26sprefix%3Dface%2Bmask%2Bskincare%252Caps%252C92%26sr%3D1-4-a73d1c8c-2fd2-4f19-aa41-2df022bcb241-spons%26sp_csd%3Dd2lkZ2V0TmFtZT1zcF9zZWFyY2hfdGhlbWF0aWM%26psc%3D1,"33ml Essence Best Anti Aging Face Mask For Korean Skincare - Sheet Masks with 5 Peptides EGF Serum Vitamin B Complex Rice Extract Collagen Anti Wrinkles & Face Moisturizer for women men, (5 Masks)",1.12 Fl Oz (Pack of 1),4.5 out of 5 stars,960,$17.99 ,"Small Business|Small Business|Small Business|<img alt="""" src=""https://m.media-amazon.com/images/I/111mHoVK0kL._SS200_.png"" height=""50px"" width=""50px""/>  Small Business|<img alt="""" src=""https://m.media-amazon.com/images/I/111mHoVK0kL._SS200_.png"" height=""50px"" width=""50px""/>  Small Business",B07MBHWMHM,https://m.media-amazon.com/images/I/71T6kpPffhL._AC_UL320_.jpg|https://m.media-amazon.com/images/I/111mHoVK0kL._SS200_.png|
233,https://www.amazon.com/sspa/click?ie=UTF8&spc=MTozMzcwMjg3MTE0Njg3NzI1OjE2Njg4MDI2MjQ6c3Bfc2VhcmNoX3RoZW1hdGljOjIwMDEwMzEwNTU4NDQ5ODo6NDo6&url=%2FWolf-Project-Mens-Moisturizing-Sheets%2Fdp%2FB0B7YVJ3NL%2Fref%3Dsxin_16_pa_sp_search_thematic_sspa%3Fcontent-id%3Damzn1.sym.4e7a2229-074e-44de-95c4-9fd858f46295%253Aamzn1.sym.4e7a2229-074e-44de-95c4-9fd858f46295%26crid%3D1ZXT1P2328F3F%26cv_ct_cx%3Dface%2Bmask%2Bskincare%26keywords%3Dface%2Bmask%2Bskincare%26pd_rd_i%3DB0B7YVJ3NL%26pd_rd_r%3Dfb54a053-1b42-4ab9-bfaf-96087437509f%26pd_rd_w%3DCDHFm%26pd_rd_wg%3Dcqeh5%26pf_rd_p%3D4e7a2229-074e-44de-95c4-9fd858f46295%26pf_rd_r%3DWD7QYXPR5KN9RH0407SB%26qid%3D1668802624%26sprefix%3Dface%2Bmask%2Bskincare%252Caps%252C92%26sr%3D1-5-a73d1c8c-2fd2-4f19-aa41-2df022bcb241-spons%26sp_csd%3Dd2lkZ2V0TmFtZT1zcF9zZWFyY2hfdGhlbWF0aWM%26psc%3D1,"Wolf Project Men's Moisturizing Face Mask Sheets - Charcoal Face Sheet Mask with Hyaluronic Acid, Vitamin B3, Natural Serum - Pack of 4",($24.99/Count),4.4 out of 5 stars,699,$24.99 ,,B0B7YVJ3NL,https://m.media-amazon.com/images/I/51MJx6SdsgL._AC_UL320_.jpg
235,https://www.amazon.com/ANAiRUi-Turmeric-Clay-Mask-Minerals/dp/B086V843R8/ref=sr_1_8?crid=1ZXT1P2328F3F&keywords=face+mask+skincare&qid=1668802624&sprefix=face+mask+skincare%2Caps%2C92&sr=8-8,"ANAI RUI Turmeric Clay Mask - Green Tea Detox Clay Mask - Dead Sea Minerals Mud Mask, Spa Facial Mask Set, 2.5 oz each",2.5 Ounce (Pack of 3),4.5 out of 5 stars,"3,869",$20.99 ,"FREE delivery Fri, Nov 25 on $25 of items shipped by AmazonOr fastest delivery Sun, Nov 20|",B086V843R8,https://m.media-amazon.com/images/I/61a5kBE9SJL._AC_UL320_.jpg
236,https://www.amazon.com/Freeman-Cleansing-Charcoal-Hydrating-Skincare/dp/B092MWFKWJ/ref=sr_1_9?crid=1ZXT1P2328F3F&keywords=face+mask+skincare&qid=1668802624&sprefix=face+mask+skincare%2Caps%2C92&sr=8-9,"Freeman Face Mask Exotic Blends Variety Pack, Pore Cleansing Clay and Charcoal Peel Off, Hydrating Aloe Jelly, Skincare Beauty Masks, 3 Piece Set",4 Piece Set,4.3 out of 5 stars,"1,132",$9.19 ,"FREE delivery Fri, Nov 25 on $25 of items shipped by AmazonOr fastest delivery Sun, Nov 20|",B092MWFKWJ,https://m.media-amazon.com/images/I/81P6f337XIL._AC_UL320_.jpg
237,https://www.amazon.com/Everyday-Set-Sheet-Masks-Revitalizing/dp/B07VWL57LT/ref=sr_1_10?crid=1ZXT1P2328F3F&keywords=face+mask+skincare&qid=1668802624&sprefix=face+mask+skincare%2Caps%2C92&sr=8-10,"Everyday Set of 8 Sheet Masks (8 Pack Bundle) - Hydrating Essence Korean Sheet Mask, for All Skin Types, Revitalizing, Purifying, Illuminating, Hydrating, Anti-aging With No Harsh Chemicals and Safe for Sensitive Skin",0.81 Fl Oz (Pack of 8),4.6 out of 5 stars,"2,581",$11.95 ,"FREE delivery Fri, Nov 25 on $25 of items shipped by AmazonOr fastest delivery Sun, Nov 20||Small Business|Small Business|Small Business|<img alt="""" src=""https://m.media-amazon.com/images/I/111mHoVK0kL._SS200_.png"" height=""50px"" width=""50px""/>  Small Business|<img alt="""" src=""https://m.media-amazon.com/images/I/111mHoVK0kL._SS200_.png"" height=""50px"" width=""50px""/>  Small Business",B07VWL57LT,https://m.media-amazon.com/images/I/61gDE28bo1L._AC_UL320_.jpg|https://m.media-amazon.com/images/I/111mHoVK0kL._SS200_.png|
238,https://www.amazon.com/Glam-Up-Collection-Condition-Concerns/dp/B07C3NBJ33/ref=sr_1_11?crid=1ZXT1P2328F3F&keywords=face+mask+skincare&qid=1668802624&sprefix=face+mask+skincare%2Caps%2C92&sr=8-11,"Sheet mask by Glam Up Facial Sheet Mask 12 Combo (Pack of 12) - Face Masks Skincare, Hydrating Face Masks, Moisturizing, Brightening and Soothing, Beauty Mask For All Skin Type",12 Piece Set,4.6 out of 5 stars,"21,991",$11.98 ,"FREE delivery Fri, Nov 25 on $25 of items shipped by AmazonOr fastest delivery Sun, Nov 20|",B07C3NBJ33,https://m.media-amazon.com/images/I/61FBXdLTDxL._AC_UL320_.jpg
239,https://www.amazon.com/Vitamasques-Korean-Face-Mask-Kit/dp/B09VDF3WBX/ref=sr_1_12?crid=1ZXT1P2328F3F&keywords=face+mask+skincare&qid=1668802624&sprefix=face+mask+skincare%2Caps%2C92&sr=8-12,"Vitamasques Face Masks Skincare Sheet Kit, 7-Pack - Juicy Collection of Triple-Layer Sheet Facial Masks - Pore Purifying, Brightening, and Hydrating Face Mask Skin Care - Boost your Skincare Routine",7 Count (Pack of 1),4.5 out of 5 stars,180,$14.99 ,"FREE delivery Fri, Nov 25 on $25 of items shipped by AmazonOr fastest delivery Sun, Nov 20||Small Business|Small Business|Small Business|<img alt="""" src=""https://m.media-amazon.com/images/I/111mHoVK0kL._SS200_.png"" height=""50px"" width=""50px""/>  Small Business|<img alt="""" src=""https://m.media-amazon.com/images/I/111mHoVK0kL._SS200_.png"" height=""50px"" width=""50px""/>  Small Business",B09VDF3WBX,https://m.media-amazon.com/images/I/81Lfjwj7OeL._AC_UL320_.jpg|https://m.media-amazon.com/images/I/111mHoVK0kL._SS200_.png|
240,https://www.amazon.com/Celavi-Essence-Facial-Paper-Moisturizing/dp/B01EGRLH40/ref=sr_1_13?crid=1ZXT1P2328F3F&keywords=face+mask+skincare&qid=1668802624&sprefix=face+mask+skincare%2Caps%2C92&sr=8-13,celavi Essence Facial Face Mask Paper Sheet Korea Skin Care Moisturizing 12 Pack (Mix - 2 of Each),12 Count (Pack of 1),4.6 out of 5 stars,"18,455",$9.99 ,"FREE delivery Fri, Nov 25 on $25 of items shipped by AmazonOr fastest delivery Sun, Nov 20||Small Business|Small Business|Small Business|<img alt="""" src=""https://m.media-amazon.com/images/I/111mHoVK0kL._SS200_.png"" height=""50px"" width=""50px""/>  Small Business|<img alt="""" src=""https://m.media-amazon.com/images/I/111mHoVK0kL._SS200_.png"" height=""50px"" width=""50px""/>  Small Business",B01EGRLH40,https://m.media-amazon.com/images/I/81f4WdtuU+L._AC_UL320_.jpg|https://m.media-amazon.com/images/I/111mHoVK0kL._SS200_.png|
241,https://aax-us-iad.amazon.com/x/c/RKDZfutnwWKtYPdy039-CCUAAAGEjGM6TQEAAAH2AQBOL0EgICAgICAgICAgICBOL0EgICAgICAgICAgICA_UzSv/https://www.amazon.com/dp/B078WCTVV9?pd_rd_i=B078WCTVV9&pf_rd_p=b000e0a0-9e93-480f-bf78-a83c8136dfcb&pf_rd_r=WD7QYXPR5KN9RH0407SB&pd_rd_wg=cqeh5&pd_rd_w=i1SYO&pd_rd_r=fb54a053-1b42-4ab9-bfaf-96087437509f,"Dermora Foot Peel Mask - 2 Pack of Regular Skin Exfoliating Foot Masks for Dry, Cracked Feet, Callus, Dead Skin Remover - Feet Peeling Mask for Soft Baby Feet, Original Scent",Sponsored,4.5 out of 5 stars,"64,564",$19.99 ,"FREE delivery Fri, Nov 25 on $25 of items shipped by AmazonOr fastest delivery Sun, Nov 20|",,
242,https://www.amazon.com/Craft-Soul-Reusable-Washable-Comfortable/dp/B08GZNMRTF/ref=sxin_25_trfobq2a_0_B08GZNMRTF?content-id=amzn1.sym.2500a036-1c45-42a8-89a2-72bf8896ce48%3Aamzn1.sym.2500a036-1c45-42a8-89a2-72bf8896ce48&crid=1ZXT1P2328F3F&cv_ct_cx=face+mask+skincare&keywords=face+mask+skincare&pd_rd_i=B08GZNMRTF&pd_rd_r=fb54a053-1b42-4ab9-bfaf-96087437509f&pd_rd_w=Gds4X&pd_rd_wg=cqeh5&pf_rd_p=2500a036-1c45-42a8-89a2-72bf8896ce48&pf_rd_r=WD7QYXPR5KN9RH0407SB&qid=1668802624&sprefix=face+mask+skincare%2Caps%2C92&sr=1-1-c944532c-3909-4a2a-84a2-570d2ee3cd13,(5 Pack Pieces per Box) Craft & Soul Mattana Face Mask Cover Reusable Washable Comfortable Fabric Cloth,Amazon’s private and select exclusive brands,4.3 out of 5 stars|4.6 out of 5 stars|4.5 out of 5 stars|4.7 out of 5 stars|4.7 out of 5 stars,"15,967|502|1,091|835|30",$9.90 ,,,https://m.media-amazon.com/images/I/61BmVjju0fL._AC_UL320_.jpg|https://m.media-amazon.com/images/I/81bcwQId5XL._AC_UL320_.jpg|https://m.media-amazon.com/images/I/81z3pRXD5WL._AC_UL320_.jpg|https://m.media-amazon.com/images/I/7148sF4WBoL._AC_UL320_.jpg|https://m.media-amazon.com/images/I/81z3pRXD5WL._AC_UL320_.jpg
243,https://www.amazon.com/Craft-Soul-Reusable-Washable-Comfortable/dp/B08GZNMRTF/ref=sxin_25_trfobq2a_0_B08GZNMRTF?content-id=amzn1.sym.2500a036-1c45-42a8-89a2-72bf8896ce48%3Aamzn1.sym.2500a036-1c45-42a8-89a2-72bf8896ce48&crid=1ZXT1P2328F3F&cv_ct_cx=face+mask+skincare&keywords=face+mask+skincare&pd_rd_i=B08GZNMRTF&pd_rd_r=fb54a053-1b42-4ab9-bfaf-96087437509f&pd_rd_w=Gds4X&pd_rd_wg=cqeh5&pf_rd_p=2500a036-1c45-42a8-89a2-72bf8896ce48&pf_rd_r=WD7QYXPR5KN9RH0407SB&qid=1668802624&sprefix=face+mask+skincare%2Caps%2C92&sr=1-1-c944532c-3909-4a2a-84a2-570d2ee3cd13,(5 Pack Pieces per Box) Craft & Soul Mattana Face Mask Cover Reusable Washable Comfortable Fabric Cloth,5 Count (Pack of 1),4.3 out of 5 stars,"15,967",$9.90 ,,B08GZNMRTF,https://m.media-amazon.com/images/I/61BmVjju0fL._AC_UL320_.jpg
244,https://www.amazon.com/Multicolor-LUCIFER-Breathable-Design-Elastic/dp/B08YD752ZS/ref=sxin_25_trfobq2a_1_B08YD752ZS?content-id=amzn1.sym.2500a036-1c45-42a8-89a2-72bf8896ce48%3Aamzn1.sym.2500a036-1c45-42a8-89a2-72bf8896ce48&crid=1ZXT1P2328F3F&cv_ct_cx=face+mask+skincare&keywords=face+mask+skincare&pd_rd_i=B08YD752ZS&pd_rd_r=fb54a053-1b42-4ab9-bfaf-96087437509f&pd_rd_w=Gds4X&pd_rd_wg=cqeh5&pf_rd_p=2500a036-1c45-42a8-89a2-72bf8896ce48&pf_rd_r=WD7QYXPR5KN9RH0407SB&qid=1668802624&sprefix=face+mask+skincare%2Caps%2C92&sr=1-2-c944532c-3909-4a2a-84a2-570d2ee3cd13,"Multicolor Face Masks, LUCIFER Breathable 3-Ply Face Mask, Design with Elastic Ear Loop, 100 Pcs",($0.10/Count),4.6 out of 5 stars,502,$10.05 ,,B08YD752ZS,https://m.media-amazon.com/images/I/81bcwQId5XL._AC_UL320_.jpg
245,https://www.amazon.com/Craft-Soul-Reusable-Washable-Comfortable/dp/B08KGSP3RX/ref=sxin_25_trfobq2a_2_B08KGSP3RX?content-id=amzn1.sym.2500a036-1c45-42a8-89a2-72bf8896ce48%3Aamzn1.sym.2500a036-1c45-42a8-89a2-72bf8896ce48&crid=1ZXT1P2328F3F&cv_ct_cx=face+mask+skincare&keywords=face+mask+skincare&pd_rd_i=B08KGSP3RX&pd_rd_r=fb54a053-1b42-4ab9-bfaf-96087437509f&pd_rd_w=Gds4X&pd_rd_wg=cqeh5&pf_rd_p=2500a036-1c45-42a8-89a2-72bf8896ce48&pf_rd_r=WD7QYXPR5KN9RH0407SB&qid=1668802624&sprefix=face+mask+skincare%2Caps%2C92&sr=1-3-c944532c-3909-4a2a-84a2-570d2ee3cd13,(5 Masks Pieces per Pack) Craft & Soul Mattana Premium 3-Ply Layer Face Mask Cover Reusable Washable Comfortable Fabric Cloth,5 Count (Pack of 1),4.5 out of 5 stars,"1,091",$9.90 ,,B08KGSP3RX,https://m.media-amazon.com/images/I/81z3pRXD5WL._AC_UL320_.jpg
246,https://www.amazon.com/LUCIFER-Multicolor-Disposable-Adjustable-Respirator/dp/B08H8HC4PZ/ref=sxin_25_trfobq2a_3_B08H8HC4PZ?content-id=amzn1.sym.2500a036-1c45-42a8-89a2-72bf8896ce48%3Aamzn1.sym.2500a036-1c45-42a8-89a2-72bf8896ce48&crid=1ZXT1P2328F3F&cv_ct_cx=face+mask+skincare&keywords=face+mask+skincare&pd_rd_i=B08H8HC4PZ&pd_rd_r=fb54a053-1b42-4ab9-bfaf-96087437509f&pd_rd_w=Gds4X&pd_rd_wg=cqeh5&pf_rd_p=2500a036-1c45-42a8-89a2-72bf8896ce48&pf_rd_r=WD7QYXPR5KN9RH0407SB&qid=1668802624&sprefix=face+mask+skincare%2Caps%2C92&sr=1-4-c944532c-3909-4a2a-84a2-570d2ee3cd13,"LUCIFER 100Pcs Multicolor Disposable Face Masks, 3 Layers Facial Safety Masks with Adjustable Elastic Ear Loop Disposable Respirator Safety Mouth Masks Dust Air Pollution Protection 5 Color",100 Count (Pack of 1),4.7 out of 5 stars,835,$10.99 ,,B08H8HC4PZ,https://m.media-amazon.com/images/I/7148sF4WBoL._AC_UL320_.jpg
247,https://www.amazon.com/Craft-Soul-Reusable-Washable-Comfortable/dp/B08DDJJ2KL/ref=sxin_25_trfobq2a_4_B08DDJJ2KL?content-id=amzn1.sym.2500a036-1c45-42a8-89a2-72bf8896ce48%3Aamzn1.sym.2500a036-1c45-42a8-89a2-72bf8896ce48&crid=1ZXT1P2328F3F&cv_ct_cx=face+mask+skincare&keywords=face+mask+skincare&pd_rd_i=B08DDJJ2KL&pd_rd_r=fb54a053-1b42-4ab9-bfaf-96087437509f&pd_rd_w=Gds4X&pd_rd_wg=cqeh5&pf_rd_p=2500a036-1c45-42a8-89a2-72bf8896ce48&pf_rd_r=WD7QYXPR5KN9RH0407SB&qid=1668802624&sprefix=face+mask+skincare%2Caps%2C92&sr=1-5-c944532c-3909-4a2a-84a2-570d2ee3cd13,(15 Masks Pieces per Pack) Craft & Soul Mattana Premium 3-Ply Layer Face Mask Cover Reusable Washable Comfortable Fabric Cloth,($1.66/Count),4.7 out of 5 stars,30,$24.90 ,,B08DDJJ2KL,https://m.media-amazon.com/images/I/81z3pRXD5WL._AC_UL320_.jpg
249,https://www.amazon.com/Turmeric-Vitamin-Cleansing-Moisturizing-Refining/dp/B0B538QDNY/ref=sr_1_14?crid=1ZXT1P2328F3F&keywords=face+mask+skincare&qid=1668802624&sprefix=face+mask+skincare%2Caps%2C92&sr=8-14,"4 Pcs Clay Mask Gift Set, Turmeric Vitamin C Clay Mask , Green Tea Mask, Dead Sea Mud Mask, Rose Clay Mask, Skin Care Face Mask Clay Facial Mask for Deep Cleansing, Moisturizing and Refining Pores (240g in Total)",2.82 Ounce (Pack of 4),4.5 out of 5 stars,87,$18.99 ,"FREE delivery Fri, Nov 25 on $25 of items shipped by AmazonOr fastest delivery Sun, Nov 20|",B0B538QDNY,https://m.media-amazon.com/images/I/71jEpAbsrDL._AC_UL320_.jpg
250,https://www.amazon.com/Blanc-Therapy-Moisturizer-EggWhite-Nutritional/dp/B07Q4NPX1C/ref=sr_1_15?crid=1ZXT1P2328F3F&keywords=face+mask+skincare&qid=1668802624&sprefix=face+mask+skincare%2Caps%2C92&sr=8-15,"Blanc Therapy by Ballon Blanc Relaxing Self Care Face Masks Skincare Sheet Infused with Aloe, Tea Tree, Avocado, Vitamin, Honey & Egg White 6 Skin Nutritional Sheet Masks | Original",6 Count (Pack of 1),4.6 out of 5 stars,"5,441",$11.99 ,"FREE delivery Fri, Nov 25 on $25 of items shipped by AmazonOr fastest delivery Sun, Nov 20|",B07Q4NPX1C,https://m.media-amazon.com/images/I/71dVE+v2QdL._AC_UL320_.jpg
251,https://www.amazon.com/Collection-Hydrating-Purifying-Moisturizing-Revitalizing/dp/B07NVTHY7C/ref=sr_1_16?crid=1ZXT1P2328F3F&keywords=face+mask+skincare&qid=1668802624&sprefix=face+mask+skincare%2Caps%2C92&sr=8-16,"FaceTory Collection Facial Mask Set - Hydrating, Purifying, Soothing, Moisturizing, Revitalizing - Soft, Form-Fitting Face Masks, For All Skin Types, Pack of 5 Sheet Masks",5 Count (Pack of 1),4.7 out of 5 stars,"1,799",$9.95 ,"FREE delivery Fri, Nov 25 on $25 of items shipped by AmazonOr fastest delivery Sun, Nov 20||Small Business|Small Business|Small Business|<img alt="""" src=""https://m.media-amazon.com/images/I/111mHoVK0kL._SS200_.png"" height=""50px"" width=""50px""/>  Small Business|<img alt="""" src=""https://m.media-amazon.com/images/I/111mHoVK0kL._SS200_.png"" height=""50px"" width=""50px""/>  Small Business",B07NVTHY7C,https://m.media-amazon.com/images/I/71KyJZBSDqL._AC_UL320_.jpg|https://m.media-amazon.com/images/I/111mHoVK0kL._SS200_.png|
252,https://www.amazon.com/sspa/click?ie=UTF8&spc=MTo0ODQ4NzU2NzQ3NDgxNDYzOjE2Njg4MDI2MjQ6c3BfbXRmOjIwMDAzNjM2NTI3OTY2MTo6MDo6&url=%2FYOUTH-PEOPLE-Superberry-Hydrate-Dream%2Fdp%2FB07PH2BBKS%2Fref%3Dsr_1_17_sspa%3Fcrid%3D1ZXT1P2328F3F%26keywords%3Dface%2Bmask%2Bskincare%26qid%3D1668802624%26sprefix%3Dface%2Bmask%2Bskincare%252Caps%252C92%26sr%3D8-17-spons%26sp_csd%3Dd2lkZ2V0TmFtZT1zcF9tdGY%26psc%3D1,Youth To The People Superberry Hydrate + Glow Dream Mask - Hydrating Vegan Face Mask with Hyaluronic Acid + Antioxidant Vitamin C for Skin Glow - Anti-Aging Overnight Treatment - Clean Beauty (2oz),Sponsored,4.7 out of 5 stars,764,$48.00 ,FREE delivery,B07PH2BBKS,https://m.media-amazon.com/images/I/61b6iepUbqL._AC_UL320_.jpg
253,https://www.amazon.com/sspa/click?ie=UTF8&spc=MTo0ODQ4NzU2NzQ3NDgxNDYzOjE2Njg4MDI2MjQ6c3BfbXRmOjIwMDEwNDUyMTY1NTY5ODo6MDo6&url=%2FMajestic-Pure-Reduces-Appearances-Wrinkles%2Fdp%2FB07G7J87P3%2Fref%3Dsr_1_18_sspa%3Fcrid%3D1ZXT1P2328F3F%26keywords%3Dface%2Bmask%2Bskincare%26qid%3D1668802624%26sprefix%3Dface%2Bmask%2Bskincare%252Caps%252C92%26sr%3D8-18-spons%26sp_csd%3Dd2lkZ2V0TmFtZT1zcF9tdGY%26psc%3D1,"Majestic Pure Gold Facial Mask, Help Reduces the Appearances of Fine Lines and Wrinkles, Ancient Gold Face Mask Formula - 8.8 Oz",Sponsored,4.3 out of 5 stars,"2,962",$13.44 ,"FREE delivery Fri, Nov 25 on $25 of items shipped by AmazonOr fastest delivery Sun, Nov 20||Small Business|Small Business|Small Business|<img alt="""" src=""https://m.media-amazon.com/images/I/111mHoVK0kL._SS200_.png"" height=""50px"" width=""50px""/>  Small Business|<img alt="""" src=""https://m.media-amazon.com/images/I/111mHoVK0kL._SS200_.png"" height=""50px"" width=""50px""/>  Small Business",B07G7J87P3,https://m.media-amazon.com/images/I/71ThLszejxL._AC_UL320_.jpg|https://m.media-amazon.com/images/I/111mHoVK0kL._SS200_.png|
254,https://www.amazon.com/sspa/click?ie=UTF8&spc=MTo0ODQ4NzU2NzQ3NDgxNDYzOjE2Njg4MDI2MjQ6c3BfbXRmOjIwMDEwNTA3NzA2OTQ5ODo6MDo6&url=%2FDEW-CARE-Hydrating-Sprinkle-Wash-Off%2Fdp%2FB07XTQ4CWD%2Fref%3Dsr_1_19_sspa%3Fcrid%3D1ZXT1P2328F3F%26keywords%3Dface%2Bmask%2Bskincare%26qid%3D1668802624%26sprefix%3Dface%2Bmask%2Bskincare%252Caps%252C92%26sr%3D8-19-spons%26sp_csd%3Dd2lkZ2V0TmFtZT1zcF9tdGY%26psc%3D1,"I Dew Care Wash-Off Face Mask - Cake My Day | Hydrating, Refreshing for Dry Skin with Hyaluronic Acid, 3.52 Oz",Sponsored,4.6 out of 5 stars,"2,173",$25.00 ,"FREE delivery Fri, Nov 25 Or fastest delivery Sun, Nov 20|",B07XTQ4CWD,https://m.media-amazon.com/images/I/616HLoy1aDS._AC_UL320_.jpg
255,https://www.amazon.com/sspa/click?ie=UTF8&spc=MTo0ODQ4NzU2NzQ3NDgxNDYzOjE2Njg4MDI2MjQ6c3BfbXRmOjIwMDA0NzQ4NTUwNzA5ODo6MDo6&url=%2FSand-Sky-Australian-Porefining-Facial%2Fdp%2FB076Z6PVVQ%2Fref%3Dsr_1_20_sspa%3Fcrid%3D1ZXT1P2328F3F%26keywords%3Dface%2Bmask%2Bskincare%26qid%3D1668802624%26sprefix%3Dface%2Bmask%2Bskincare%252Caps%252C92%26sr%3D8-20-spons%26sp_csd%3Dd2lkZ2V0TmFtZT1zcF9tdGY%26psc%3D1,"Sand & Sky Australian Pink Clay Porefining Mask for Blackheads, Enlarged Pores and Pigmentation",Sponsored,4.5 out of 5 stars,"6,584",$39.90 ,"FREE delivery Fri, Nov 25 Or fastest delivery Sun, Nov 20|",B076Z6PVVQ,https://m.media-amazon.com/images/I/71X7M0wP+HL._AC_UL320_.jpg
256,https://www.amazon.com/Collagen-10-Sheets-Skincare-Moisturize-Pigmentation/dp/B07K4VH5N4/ref=sr_1_21?crid=1ZXT1P2328F3F&keywords=face+mask+skincare&qid=1668802624&sprefix=face+mask+skincare%2Caps%2C92&sr=8-21,Celavi Collagen Face Mask (10-Sheets) Korean Skincare,10 Count (Pack of 1),4.6 out of 5 stars,774,$8.99 ,"FREE delivery Fri, Nov 25 on $25 of items shipped by AmazonOr fastest delivery Sun, Nov 20||Small Business|Small Business|Small Business|<img alt="""" src=""https://m.media-amazon.com/images/I/111mHoVK0kL._SS200_.png"" height=""50px"" width=""50px""/>  Small Business|<img alt="""" src=""https://m.media-amazon.com/images/I/111mHoVK0kL._SS200_.png"" height=""50px"" width=""50px""/>  Small Business",B07K4VH5N4,https://m.media-amazon.com/images/I/81GQp9zD+eL._AC_UL320_.jpg|https://m.media-amazon.com/images/I/111mHoVK0kL._SS200_.png|
257,https://www.amazon.com/TONYMOLY-Real-Sheet-Mask-Pack/dp/B07RFQBXPW/ref=sr_1_22?crid=1ZXT1P2328F3F&keywords=face+mask+skincare&qid=1668802624&sprefix=face+mask+skincare%2Caps%2C92&sr=8-22,TONYMOLY I'm Real Sheet Mask Collection,1 Count (Pack of 10),4.6 out of 5 stars,"5,727",$26.00 ,"FREE delivery Fri, Nov 25 Or fastest delivery Sun, Nov 20|",B07RFQBXPW,https://m.media-amazon.com/images/I/81eKa2tBwQL._AC_UL320_.jpg
258,https://www.amazon.com/Freeman-Minerals-Anti-Stress-Pomegranate-Revealing/dp/B00OPD8WOO/ref=sr_1_23?crid=1ZXT1P2328F3F&keywords=face+mask+skincare&qid=1668802624&sprefix=face+mask+skincare%2Caps%2C92&sr=8-23,"Freeman Facial Mask Variety Bundle for Skin Care, Peel Off Face Masks with Clay + Dead Sea Minerals 6 fl oz, 4 Pack",6 Fl Oz (Pack of 4),4.6 out of 5 stars,"14,064",$14.99 ,"FREE delivery Fri, Nov 25 on $25 of items shipped by AmazonOr fastest delivery Sun, Nov 20|",B00OPD8WOO,https://m.media-amazon.com/images/I/91qxILoSNML._AC_UL320_.jpg
259,https://www.amazon.com/FaceTory-Seven-Facial-Masks-Collection/dp/B07TBBPCKY/ref=sr_1_24?crid=1ZXT1P2328F3F&keywords=face+mask+skincare&qid=1668802624&sprefix=face+mask+skincare%2Caps%2C92&sr=8-24,"FaceTory Best of Seven Facial Masks Collection - Hydrate, Radiance Boost, Soothe, Revitalize, Nourish, Purify Skin - For All Skin Types, Variety Pack of 7 Sheet Masks",7 Count (Pack of 1),4.7 out of 5 stars,"4,615",$11.16 ,"FREE delivery Fri, Nov 25 on $25 of items shipped by AmazonOr fastest delivery Sun, Nov 20||Small Business|Small Business|Small Business|<img alt="""" src=""https://m.media-amazon.com/images/I/111mHoVK0kL._SS200_.png"" height=""50px"" width=""50px""/>  Small Business|<img alt="""" src=""https://m.media-amazon.com/images/I/111mHoVK0kL._SS200_.png"" height=""50px"" width=""50px""/>  Small Business",B07TBBPCKY,https://m.media-amazon.com/images/I/71ooSyUaVXL._AC_UL320_.jpg|https://m.media-amazon.com/images/I/111mHoVK0kL._SS200_.png|
260,https://www.amazon.com/DERMAL-Collagen-Essence-Facial-Sheet/dp/B0797V8QZP/ref=sr_1_25?crid=1ZXT1P2328F3F&keywords=face+mask+skincare&qid=1668802624&sprefix=face+mask+skincare%2Caps%2C92&sr=8-25,DERMAL 39 Combo Pack Collagen Essence Full Face Facial Mask Sheet - The Ultimate Supreme Collection for Every Skin Condition Day to Day Skin Concerns. Nature made Freshly packed Korean Face Mask,39 Piece Set,4.6 out of 5 stars,"6,025",$22.99 ,"FREE delivery Fri, Nov 25 on $25 of items shipped by AmazonOr fastest delivery Sun, Nov 20|",B0797V8QZP,https://m.media-amazon.com/images/I/71JWVov5nJL._AC_UL320_.jpg
261,https://www.amazon.com/Freeman-Mask-Party-Pack-Anti-Stress/dp/B07V4TL5N9/ref=sr_1_26?crid=1ZXT1P2328F3F&keywords=face+mask+skincare&qid=1668802624&sprefix=face+mask+skincare%2Caps%2C92&sr=8-26,"Freeman 12 Mask Party Pack - Anti-Stress Clay, Clearing Peel-Off, Deep Cleanser, Hydrating Gel, Detoxifying Mud…",12 Count (Pack of 1),4.6 out of 5 stars,"4,034",$13.99 ,FREE delivery on $25 shipped by Amazon.,B07V4TL5N9,https://m.media-amazon.com/images/I/917ufSq7fzL._AC_UL320_.jpg
262,https://www.amazon.com/MEDIHEAL-Official-Koreas-Sheet-Mask/dp/B07T44HBDL/ref=sr_1_27?crid=1ZXT1P2328F3F&keywords=face+mask+skincare&qid=1668802624&sprefix=face+mask+skincare%2Caps%2C92&sr=8-27,MEDIHEAL Official [Korea's No 1 Sheet Mask] - Collagen Essential Lifting & Firming Face Mask (10 pack),10 Count (Pack of 1),4.6 out of 5 stars,"3,189",$19.90 ,"FREE delivery Fri, Nov 25 on $25 of items shipped by AmazonOr fastest delivery Sun, Nov 20|",B07T44HBDL,https://m.media-amazon.com/images/I/61uPKDtCvPL._AC_UL320_.jpg
263,https://www.amazon.com/Veraclara-Prime-Facial-Mask-Moisturize/dp/B081MVGQDB/ref=sr_1_28?crid=1ZXT1P2328F3F&keywords=face+mask+skincare&qid=1668802624&sprefix=face+mask+skincare%2Caps%2C92&sr=8-28,[VERACLARA] Facial Face Mask | Korean Skin Care Mask (16 PRIME COMBO),16 Count (Pack of 1),4.6 out of 5 stars,"1,599",$13.99 ,"FREE delivery Fri, Nov 25 on $25 of items shipped by AmazonOr fastest delivery Sun, Nov 20||Small Business|Small Business|Small Business|<img alt="""" src=""https://m.media-amazon.com/images/I/111mHoVK0kL._SS200_.png"" height=""50px"" width=""50px""/>  Small Business|<img alt="""" src=""https://m.media-amazon.com/images/I/111mHoVK0kL._SS200_.png"" height=""50px"" width=""50px""/>  Small Business",B081MVGQDB,https://m.media-amazon.com/images/I/71UZ04aYjtL._AC_UL320_.jpg|https://m.media-amazon.com/images/I/111mHoVK0kL._SS200_.png|
264,https://www.amazon.com/EUNYUL-Skincare-Collagen-Pomegranate-Blueberry/dp/B09G6JHFD5/ref=sr_1_29?crid=1ZXT1P2328F3F&keywords=face+mask+skincare&qid=1668802624&sprefix=face+mask+skincare%2Caps%2C92&sr=8-29,"[PACK OF 10] EUNYUL Natural Sheet Mask Pack 10 types Korean Skincare Facial Mask Pack Aloe, Collagen, Pearl, Hyaluron, Avocado, Pomegranate, Vitamin, Blueberry, Green Tea, Cucumber",10 Count (Pack of 1),4.6 out of 5 stars,258,$8.99 ,"FREE delivery Fri, Nov 25 on $25 of items shipped by AmazonOr fastest delivery Sun, Nov 20|",B09G6JHFD5,https://m.media-amazon.com/images/I/61E7XnKkV+L._AC_UL320_.jpg
265,https://www.amazon.com/Cetaphil-Dermacontrol-Purifying-bentonite-sensitive/dp/B07SDQDMZ4/ref=sr_1_30?crid=1ZXT1P2328F3F&keywords=face+mask+skincare&qid=1668802624&sprefix=face+mask+skincare%2Caps%2C92&sr=8-30,"Clay Mask by Cetaphil Pro, Dermacontrol Purifying Clay Face Mask with Bentonite Clay for Blackheads and Pores, Designed for Oily, Sensitive Skin, 3 oz",3 Fl Oz (Pack of 1),4.5 out of 5 stars,"22,237",$12.19 ,"FREE delivery Fri, Nov 25 on $25 of items shipped by AmazonOr fastest delivery Sun, Nov 20|",B07SDQDMZ4,https://m.media-amazon.com/images/I/61jw5We+YBL._AC_UL320_.jpg
266,https://www.amazon.com/Dermal-Korea-Collagen-Essence-Facial/dp/B00BAM7F8C/ref=sr_1_31?crid=1ZXT1P2328F3F&keywords=face+mask+skincare&qid=1668802624&sprefix=face+mask+skincare%2Caps%2C92&sr=8-31,DERMAL 16 Combo Pack A Collagen Essence Full Face Facial Mask Sheet - Face Pack For Glowing Skin - Self Home Care Face Facial Mask Sheet - Korean facial Masks For Women and Men,16 Count (Pack of 1),4.5 out of 5 stars,"30,772",$11.99 ,"FREE delivery Fri, Nov 25 on $25 of items shipped by AmazonOr fastest delivery Sun, Nov 20|",B00BAM7F8C,https://m.media-amazon.com/images/I/71wfqx2bPjL._AC_UL320_.jpg
267,https://www.amazon.com/Farmacy-Potion-Facial-Ceramides-Panthenol/dp/B09TVBL171/ref=sr_1_32?crid=1ZXT1P2328F3F&keywords=face+mask+skincare&qid=1668802624&sprefix=face+mask+skincare%2Caps%2C92&sr=8-32,Farmacy Honey Potion Face Mask - Antioxidant Rich Hydration Mask - Natural Moisturizing Facial Mask (1.7 Ounce/ 50 G),1.7 Ounce (Pack of 1),4.6 out of 5 stars,45,$41.00 ,"FREE delivery Fri, Nov 25 Or fastest delivery Sun, Nov 20||Small Business|Small Business|Small Business|<img alt="""" src=""https://m.media-amazon.com/images/I/111mHoVK0kL._SS200_.png"" height=""50px"" width=""50px""/>  Small Business|<img alt="""" src=""https://m.media-amazon.com/images/I/111mHoVK0kL._SS200_.png"" height=""50px"" width=""50px""/>  Small Business",B09TVBL171,https://m.media-amazon.com/images/I/61xWhjQSvKL._AC_UL320_.jpg|https://m.media-amazon.com/images/I/111mHoVK0kL._SS200_.png|
268,https://www.amazon.com/sspa/click?ie=UTF8&spc=MTo0ODQ4NzU2NzQ3NDgxNDYzOjE2Njg4MDI2MjQ6c3BfbXRmOjIwMDA4NzM3OTIxNjQ5ODo6MDo6&url=%2FWEWELL-Hemp-Seed-Facial-Cleanser%2Fdp%2FB082WP5CD1%2Fref%3Dsr_1_33_sspa%3Fcrid%3D1ZXT1P2328F3F%26keywords%3Dface%2Bmask%2Bskincare%26qid%3D1668802624%26sprefix%3Dface%2Bmask%2Bskincare%252Caps%252C92%26sr%3D8-33-spons%26sp_csd%3Dd2lkZ2V0TmFtZT1zcF9tdGY%26psc%3D1,"WEWELL Hemp Seed Oil Facial Cleanser Peel Off Mask, 150 mL, 5 FL OZ",Sponsored,,,$18.00 ,"FREE delivery Nov 30 - Dec 5 Or fastest delivery Fri, Nov 25|Small Business|Small Business|Small Business|<img alt="""" src=""https://m.media-amazon.com/images/I/111mHoVK0kL._SS200_.png"" height=""50px"" width=""50px""/>  Small Business|<img alt="""" src=""https://m.media-amazon.com/images/I/111mHoVK0kL._SS200_.png"" height=""50px"" width=""50px""/>  Small Business",B082WP5CD1,https://m.media-amazon.com/images/I/81XVE8NXPCL._AC_UL320_.jpg|https://m.media-amazon.com/images/I/111mHoVK0kL._SS200_.png|
269,https://www.amazon.com/sspa/click?ie=UTF8&spc=MTo0ODQ4NzU2NzQ3NDgxNDYzOjE2Njg4MDI2MjQ6c3BfbXRmOjIwMDA4MTM0MjgwMzM3MTo6MDo6&url=%2FDEW-CARE-Wash-off-Cruelty-free-Paraben-free%2Fdp%2FB07XQK9VNM%2Fref%3Dsr_1_34_sspa%3Fcrid%3D1ZXT1P2328F3F%26keywords%3Dface%2Bmask%2Bskincare%26qid%3D1668802624%26sprefix%3Dface%2Bmask%2Bskincare%252Caps%252C92%26sr%3D8-34-spons%26sp_csd%3Dd2lkZ2V0TmFtZT1zcF9tdGY%26psc%3D1,"I DEW CARE Mini Scoops | Travel Sized Skin Care Trio | Self Care Gift Collection | Korean Skin Care Set | Facial Treatment, Vegan",Sponsored,4.4 out of 5 stars,"7,832",$17.50 ,"FREE delivery Fri, Nov 25 on $25 of items shipped by AmazonOr fastest delivery Sun, Nov 20|",B07XQK9VNM,https://m.media-amazon.com/images/I/71rbofDh5RL._AC_UL320_.jpg
270,https://www.amazon.com/sspa/click?ie=UTF8&spc=MTo0ODQ4NzU2NzQ3NDgxNDYzOjE2Njg4MDI2MjQ6c3BfbXRmOjIwMDA2NzMzMDcwOTc5ODo6MDo6&url=%2FBliss-Tri-Peptide-Brightening-Moisturizer-Cruelty-Free%2Fdp%2FB082YKJ56W%2Fref%3Dsr_1_35_sspa%3Fcrid%3D1ZXT1P2328F3F%26keywords%3Dface%2Bmask%2Bskincare%26qid%3D1668802624%26sprefix%3Dface%2Bmask%2Bskincare%252Caps%252C92%26sr%3D8-35-spons%26sp_csd%3Dd2lkZ2V0TmFtZT1zcF9tdGY%26psc%3D1%26smid%3DA3V5JDN84JNH2I,"Bliss Vitamin C Moisturizer for Face | Brightens Skin, Diminishes Dark Spots & Visibly Firms | Clean | Paraben Free | Cruelty-Free | Vegan",Sponsored,4.4 out of 5 stars,"2,546",$23.49 ,"FREE delivery on $25 shipped by Amazon.|Small Business|Small Business|Small Business|<img alt="""" src=""https://m.media-amazon.com/images/I/111mHoVK0kL._SS200_.png"" height=""50px"" width=""50px""/>  Small Business|<img alt="""" src=""https://m.media-amazon.com/images/I/111mHoVK0kL._SS200_.png"" height=""50px"" width=""50px""/>  Small Business",B082YKJ56W,https://m.media-amazon.com/images/I/51DKCt1Q8ZL._AC_UL320_.jpg|https://m.media-amazon.com/images/I/111mHoVK0kL._SS200_.png|
271,https://www.amazon.com/sspa/click?ie=UTF8&spc=MTo0ODQ4NzU2NzQ3NDgxNDYzOjE2Njg4MDI2MjQ6c3BfbXRmOjIwMDEwNDU4MDA4NTc5ODo6MDo6&url=%2FDew-Care-Peel-off-Mask-Hyaluronic%2Fdp%2FB08WLR7959%2Fref%3Dsr_1_36_sspa%3Fcrid%3D1ZXT1P2328F3F%26keywords%3Dface%2Bmask%2Bskincare%26qid%3D1668802624%26sprefix%3Dface%2Bmask%2Bskincare%252Caps%252C92%26sr%3D8-36-spons%26sp_csd%3Dd2lkZ2V0TmFtZT1zcF9tdGY%26psc%3D1,"I Dew Care Peel-off Mask - Sugar Kitten | Hydrating Face Mask For Dry Skin with Hyaluronic Acid, 2.70 Fl Oz",Sponsored,4.4 out of 5 stars,"6,551",$23.00 ,FREE delivery on $25 shipped by Amazon.,B08WLR7959,https://m.media-amazon.com/images/I/71DI8tySpvL._AC_UL320_.jpg
272,https://www.amazon.com/Celavi-Essence-Facial-Moisturizing-Classic/dp/B08PPYZWXP/ref=sr_1_37?crid=1ZXT1P2328F3F&keywords=face+mask+skincare&qid=1668802624&sprefix=face+mask+skincare%2Caps%2C92&sr=8-37,Celavi Essence Face Mask Paper Sheet Korea Skin Care Moisturizing 12 Pack Classic Facial Beauty,12 Count (Pack of 1),4.6 out of 5 stars,"1,464",$9.99 ,"FREE delivery Fri, Nov 25 on $25 of items shipped by AmazonOr fastest delivery Sun, Nov 20||Small Business|Small Business|Small Business|<img alt="""" src=""https://m.media-amazon.com/images/I/111mHoVK0kL._SS200_.png"" height=""50px"" width=""50px""/>  Small Business|<img alt="""" src=""https://m.media-amazon.com/images/I/111mHoVK0kL._SS200_.png"" height=""50px"" width=""50px""/>  Small Business",B08PPYZWXP,https://m.media-amazon.com/images/I/81dk6DWFO8S._AC_UL320_.jpg|https://m.media-amazon.com/images/I/111mHoVK0kL._SS200_.png|
273,https://www.amazon.com/FaceTory-Collection-Hydrating-Moisturizing-Radiance/dp/B08TM73DZ3/ref=sr_1_38?crid=1ZXT1P2328F3F&keywords=face+mask+skincare&qid=1668802624&sprefix=face+mask+skincare%2Caps%2C92&sr=8-38,"FaceTory 23 Sheet Mask Collection - Hydrating, Moisturizing, Radiance Boosting, Soothing, Redness Relief - For All Skin Types, Made in Korea, Variety Pack of 23 Sheet Masks",1 Count (Pack of 23),4.8 out of 5 stars,"2,470",$29.90 ,"FREE delivery Fri, Nov 25 Or fastest delivery Sun, Nov 20||Small Business|Small Business|Small Business|<img alt="""" src=""https://m.media-amazon.com/images/I/111mHoVK0kL._SS200_.png"" height=""50px"" width=""50px""/>  Small Business|<img alt="""" src=""https://m.media-amazon.com/images/I/111mHoVK0kL._SS200_.png"" height=""50px"" width=""50px""/>  Small Business",B08TM73DZ3,https://m.media-amazon.com/images/I/71i4vHvHRnL._AC_UL320_.jpg|https://m.media-amazon.com/images/I/111mHoVK0kL._SS200_.png|
274,https://www.amazon.com/Skin1004-Zombie-Pack-set-treatments/dp/B06XZV7ZGC/ref=sr_1_39?crid=1ZXT1P2328F3F&keywords=face+mask+skincare&qid=1668802624&sprefix=face+mask+skincare%2Caps%2C92&sr=8-39,"SKIN1004 Zombie Pack - Wash off Face Mask for Aging Skin, Fine Lines Wrinkles, Enlarged Pores, Dryness, Lifting and Hydrating (1 Box (8 masks))",17 Piece Set,4.4 out of 5 stars,"9,633",$24.00 ,"FREE delivery Fri, Nov 25 on $25 of items shipped by AmazonOr fastest delivery Mon, Nov 21|",B06XZV7ZGC,https://m.media-amazon.com/images/I/41CUb9L2PkL._AC_UL320_.jpg
275,https://www.amazon.com/Epielle-Cheetah-Unicorn-Assorted-Character/dp/B07JYLWSGH/ref=sr_1_40?crid=1ZXT1P2328F3F&keywords=face+mask+skincare&qid=1668802624&sprefix=face+mask+skincare%2Caps%2C92&sr=8-40,"Epielle Character Sheet Masks | Animal Spa Mask | -For All Skin Types |spa gifts for women, Spa Gift, Birthday Party Gift for her kids, Spa Day Party, Girls Night, Fun Face Masks, Summer Skincare, stocking stuffers| (Assorted Character Mask-6pk )",6 Count (Pack of 1),4.6 out of 5 stars,"10,925",$12.75 ,"FREE delivery Fri, Nov 25 on $25 of items shipped by AmazonOr fastest delivery Sun, Nov 20|",B07JYLWSGH,https://m.media-amazon.com/images/I/51S0SZutIjL._AC_UL320_.jpg
276,https://www.amazon.com/innisfree-Clearing-Volcanic-Clusters-Treatment/dp/B08WZRDXK7/ref=sr_1_41?crid=1ZXT1P2328F3F&keywords=face+mask+skincare&qid=1668802624&sprefix=face+mask+skincare%2Caps%2C92&sr=8-41,innisfree Pore Clearing Clay Masks with Volcanic Cluster,3.38 Fl Oz (Pack of 1),4.6 out of 5 stars,"1,575",$15.00 ,"FREE delivery Fri, Nov 25 on $25 of items shipped by AmazonOr fastest delivery Sun, Nov 20|",B08WZRDXK7,https://m.media-amazon.com/images/I/719XlDnI5ES._AC_UL320_.jpg
277,https://www.amazon.com/Antioxidant-Cleansing-Moisturizing-Hydrating-Blackheads/dp/B0B9S81PY5/ref=sr_1_42?crid=1ZXT1P2328F3F&keywords=face+mask+skincare&qid=1668802624&sprefix=face+mask+skincare%2Caps%2C92&sr=8-42,"Green Tea Face Mask, Antioxidant Green Tea Clay Mask with Volcanic Mud, Deep Cleansing & Moisturizing & Hydrating Clay Facial Mask for Pores, Blackheads, Wrinkles, Dirts",5.29 Ounce (Pack of 1),4.7 out of 5 stars,30,$9.98 ,"FREE delivery Fri, Nov 25 on $25 of items shipped by AmazonOr fastest delivery Sun, Nov 20|",B0B9S81PY5,https://m.media-amazon.com/images/I/71bJPx0o5hL._AC_UL320_.jpg
278,https://www.amazon.com/Bliss-Marshmallow-Brightening-Hydrating-Cruelty/dp/B079QQR8F2/ref=sr_1_43?crid=1ZXT1P2328F3F&keywords=face+mask+skincare&qid=1668802624&sprefix=face+mask+skincare%2Caps%2C92&sr=8-43,bliss - Mighty Marshmallow Face Mask | Brightening & Hydrating Face Mask| Vegan | Cruelty Free | Paraben Free | 1.7 fl. oz.,1.7 Fl Oz (Pack of 1),4.5 out of 5 stars,"2,789",$12.00 ,"FREE delivery Fri, Nov 25 on $25 of items shipped by AmazonOr fastest delivery Sun, Nov 20||Small Business|Small Business|Small Business|<img alt="""" src=""https://m.media-amazon.com/images/I/111mHoVK0kL._SS200_.png"" height=""50px"" width=""50px""/>  Small Business|<img alt="""" src=""https://m.media-amazon.com/images/I/111mHoVK0kL._SS200_.png"" height=""50px"" width=""50px""/>  Small Business",B079QQR8F2,https://m.media-amazon.com/images/I/61IG6qXUooL._AC_UL320_.jpg|https://m.media-amazon.com/images/I/111mHoVK0kL._SS200_.png|
279,https://www.amazon.com/Aztec-Secret-Cleansing-Original-Bentonite/dp/B081FK6L1G/ref=sr_1_44?crid=1ZXT1P2328F3F&keywords=face+mask+skincare&qid=1668802624&sprefix=face+mask+skincare%2Caps%2C92&sr=8-44,Aztec Secret– Indian Healing Clay 1 lb – Deep Pore Cleansing Facial & Body Mask – The Original 100% Natural Calcium Bentonite Clay – New Version 2,1 Pound (Pack of 1),4.6 out of 5 stars,"66,566",$14.95 ,"FREE delivery Fri, Nov 25 on $25 of items shipped by AmazonOr fastest delivery Sun, Nov 20|",B081FK6L1G,https://m.media-amazon.com/images/I/51CeIVfokCL._AC_UL320_.jpg
280,https://www.amazon.com/Collagen-24-Sheets-Skincare-Moisturize-Pigmentati24/dp/B07FPCPFWL/ref=sr_1_45?crid=1ZXT1P2328F3F&keywords=face+mask+skincare&qid=1668802624&sprefix=face+mask+skincare%2Caps%2C92&sr=8-45,Celavi Collagen Facial Face Mask (24-Sheets) Classic Korean Skincare,24 Count (Pack of 1),4.6 out of 5 stars,791,$19.50 ,"FREE delivery Tue, Nov 29 on $25 of items shipped by AmazonOr fastest delivery Fri, Nov 25||Small Business|Small Business|Small Business|<img alt="""" src=""https://m.media-amazon.com/images/I/111mHoVK0kL._SS200_.png"" height=""50px"" width=""50px""/>  Small Business|<img alt="""" src=""https://m.media-amazon.com/images/I/111mHoVK0kL._SS200_.png"" height=""50px"" width=""50px""/>  Small Business",B07FPCPFWL,https://m.media-amazon.com/images/I/A1IsnJ6i3DL._AC_UL320_.jpg|https://m.media-amazon.com/images/I/111mHoVK0kL._SS200_.png|
281,https://www.amazon.com/Hydrates-Soothes-Sensitive-Damaged-Skincare/dp/B0787HTPZ2/ref=sr_1_46?crid=1ZXT1P2328F3F&keywords=face+mask+skincare&qid=1668802624&sprefix=face+mask+skincare%2Caps%2C92&sr=8-46,"The Face Shop Real Nature Face Mask | Hydrates & Soothes Skin | Naturally-Derived, Mild Formula Without Additives & High Adhesiveness | K Beauty Facial Skincare for Oily & Dry Skin",1 Count (Pack of 1),4.1 out of 5 stars,82,$2.00 ,"FREE delivery Fri, Nov 25 on $25 of items shipped by AmazonOr fastest delivery Sun, Nov 20|",B0787HTPZ2,https://m.media-amazon.com/images/I/81agZc5jwoL._AC_UL320_.jpg
282,https://www.amazon.com/COSRX-Advanced-Secretion-Hydrating-Moisturizing/dp/B08JSL9W6K/ref=sr_1_47?crid=1ZXT1P2328F3F&keywords=face+mask+skincare&qid=1668802624&sprefix=face+mask+skincare%2Caps%2C92&sr=8-47,"COSRX Snail Mucin Sheet Mask 10 EA, Snail Essence Face Masks for Dry, Acne prone, Sensitive Skin, 35,000ppm Snail Secretion Filtrate, Not Tested on Animals, No Parabens, No Sulfates, Korean Skincare",10 Count (Pack of 1),4.7 out of 5 stars,768,$25.00 ,"FREE delivery Fri, Nov 25 Or fastest delivery Sun, Nov 20|",B08JSL9W6K,https://m.media-amazon.com/images/I/61Eg2ZUQhyS._AC_UL320_.jpg
283,https://www.amazon.com/Freeman-Mask-Variety-Collection-Pack/dp/B07QNCMSC6/ref=sr_1_48?crid=1ZXT1P2328F3F&keywords=face+mask+skincare&qid=1668802624&sprefix=face+mask+skincare%2Caps%2C92&sr=8-48,"Freeman Facial Mask Variety Pack: Oil Absorbing and Anti Stress Clay, Detoxifying Charcoal Mud, Clearing Peel Off, Hydrating Gel Cream Beauty Face Masks, 6 count…",0.15 Fl Oz (Pack of 6),4.6 out of 5 stars,"3,563",$8.68 ,"FREE delivery Fri, Nov 25 on $25 of items shipped by AmazonOr fastest delivery Sun, Nov 20|",B07QNCMSC6,https://m.media-amazon.com/images/I/91zh0EyYkmL._AC_UL320_.jpg
284,https://www.amazon.com/MEDIHEAL-Collagen-Skincare-Hydrating-K-Beauty/dp/B07XJZN31L/ref=sr_1_49?crid=1ZXT1P2328F3F&keywords=face+mask+skincare&qid=1668802624&sprefix=face+mask+skincare%2Caps%2C92&sr=8-49,"MEDIHEAL Sheet Mask Heroes, NMF, Tea Tree, Collagen, WHP, DNA, HDP, 6 Variety Pack |Korean Skincare Routine, Hydrating Facial Sheet Mask Combo , Daily K-Beauty Skin Therapy",6 Count (Pack of 1),4.7 out of 5 stars,"2,056",$11.90 ,"FREE delivery Fri, Nov 25 on $25 of items shipped by AmazonOr fastest delivery Sun, Nov 20|",B07XJZN31L,https://m.media-amazon.com/images/I/717WgUUdO1L._AC_UL320_.jpg
285,https://www.amazon.com/Bliss-Powerhouse-Resurfacing-Exfoliating-Prebiotics/dp/B07STGBF2W/ref=sr_1_50?crid=1ZXT1P2328F3F&keywords=face+mask+skincare&qid=1668802624&sprefix=face+mask+skincare%2Caps%2C92&sr=8-50,Bliss Pumpkin Powerhouse Resurfacing and Exfoliating Enzyme Face Mask with Shea Butter and Prebiotics | Clean | Cruelty-Free | Paraben Free | Vegan | 1.7 oz,1.7 Fl Oz (Pack of 1),4.4 out of 5 stars,"1,143",$13.99 ,"FREE delivery Fri, Nov 25 on $25 of items shipped by AmazonOr fastest delivery Sun, Nov 20||Small Business|Small Business|Small Business|<img alt="""" src=""https://m.media-amazon.com/images/I/111mHoVK0kL._SS200_.png"" height=""50px"" width=""50px""/>  Small Business|<img alt="""" src=""https://m.media-amazon.com/images/I/111mHoVK0kL._SS200_.png"" height=""50px"" width=""50px""/>  Small Business",B07STGBF2W,https://m.media-amazon.com/images/I/51eY5BIwH+L._AC_UL320_.jpg|https://m.media-amazon.com/images/I/111mHoVK0kL._SS200_.png|
286,https://www.amazon.com/Brightening-Pink-Lemon-Clay-Mask/dp/B096M6ZCGX/ref=sr_1_51?crid=1ZXT1P2328F3F&keywords=face+mask+skincare&qid=1668802624&sprefix=face+mask+skincare%2Caps%2C92&sr=8-51,"Glam Up - Brightening Pink Lemon Clay Mask - Vegan Face Mask, Brightening Natural Clay Detox Mask for Dull Skin, Gentle Exfoliating Pore Purifying Skincare Face Mask, Blackhead remover - (125ml/4.23 Oz)",4.23 Fl Oz (Pack of 1),4.5 out of 5 stars,213,$14.90 ,"FREE delivery Fri, Nov 25 on $25 of items shipped by AmazonOr fastest delivery Sun, Nov 20|",B096M6ZCGX,https://m.media-amazon.com/images/I/716uTHJjqRL._AC_UL320_.jpg
287,https://www.amazon.com/Korean-Skin-Detox-Avocado-Superfoods/dp/B00DCE26AI/ref=sr_1_52?crid=1ZXT1P2328F3F&keywords=face+mask+skincare&qid=1668802624&sprefix=face+mask+skincare%2Caps%2C92&sr=8-52,"Korean Skin Care Detox Face Mask with Avocado & Superfoods - Clay Mask Dermatologist Tested, Hydrating Mud Mask for Face and Body - Vegan Face Masks Skincare by Plantifique - 3.4 Oz/100ml",3.38 Fl Oz (Pack of 1),4.5 out of 5 stars,"7,538",$21.95 ,"FREE delivery Fri, Nov 25 on $25 of items shipped by AmazonOr fastest delivery Sun, Nov 20|",B00DCE26AI,https://m.media-amazon.com/images/I/81MOM+8dcVL._AC_UL320_.jpg
288,https://www.amazon.com/Under-Eye-Mask-Patches-Patch/dp/B07N93XF4Z/ref=sr_1_53?crid=1ZXT1P2328F3F&keywords=face+mask+skincare&qid=1668802624&sprefix=face+mask+skincare%2Caps%2C92&sr=8-53,DERMORA Under Eye Mask Patches -20 Pairs - Face Mask Skin Care Products for Puffy Eyes - Cruelty-Free & Vegan Eye Patches - Stocking Stuffers for Women & Men,20 Pair (Pack of 1),4.2 out of 5 stars,"28,144",$19.99 ,"FREE delivery Fri, Nov 25 on $25 of items shipped by AmazonOr fastest delivery Sun, Nov 20|",B07N93XF4Z,https://m.media-amazon.com/images/I/71wkEO2BGeL._AC_UL320_.jpg
289,https://www.amazon.com/Celavi-Essence-Moisturizing-K-Beauty-Skincare/dp/B08P829Z37/ref=sr_1_54?crid=1ZXT1P2328F3F&keywords=face+mask+skincare&qid=1668802624&sprefix=face+mask+skincare%2Caps%2C92&sr=8-54,Celavi Face Mask Set Korean Beauty Essence Facial Paper Sheet Mask Korea Skin Care Moisturizing 12 flavors (New) K-Beauty Skincare 12 masks in a pack Made in Korea,12 Count (Pack of 1),4.7 out of 5 stars,"1,804",$9.99 ,"FREE delivery Fri, Nov 25 on $25 of items shipped by AmazonOr fastest delivery Sun, Nov 20||Small Business|Small Business|Small Business|<img alt="""" src=""https://m.media-amazon.com/images/I/111mHoVK0kL._SS200_.png"" height=""50px"" width=""50px""/>  Small Business|<img alt="""" src=""https://m.media-amazon.com/images/I/111mHoVK0kL._SS200_.png"" height=""50px"" width=""50px""/>  Small Business",B08P829Z37,https://m.media-amazon.com/images/I/81p1cvTf2WL._AC_UL320_.jpg|https://m.media-amazon.com/images/I/111mHoVK0kL._SS200_.png|
290,https://www.amazon.com/Himalayan-Clay-Mask-Face-Majestic/dp/B083F4KNSV/ref=sr_1_55?crid=1ZXT1P2328F3F&keywords=face+mask+skincare&qid=1668802624&sprefix=face+mask+skincare%2Caps%2C92&sr=8-55,"Himalayan Clay Mud Mask for Face and Body by Majestic Pure - Exfoliating and Facial Acne Fighting Mask - Reduces Appearance of Pores, 10 oz",10 Ounce (Pack of 1),4.5 out of 5 stars,"3,938",$11.95 ,"FREE delivery Fri, Nov 25 on $25 of items shipped by AmazonOr fastest delivery Sun, Nov 20||Small Business|Small Business|Small Business|<img alt="""" src=""https://m.media-amazon.com/images/I/111mHoVK0kL._SS200_.png"" height=""50px"" width=""50px""/>  Small Business|<img alt="""" src=""https://m.media-amazon.com/images/I/111mHoVK0kL._SS200_.png"" height=""50px"" width=""50px""/>  Small Business",B083F4KNSV,https://m.media-amazon.com/images/I/71111be5DAL._AC_UL320_.jpg|https://m.media-amazon.com/images/I/111mHoVK0kL._SS200_.png|
291,https://www.amazon.com/MEDIHEAL-Combo-Pack-Facial-Sheet/dp/B08Q3J2M27/ref=sr_1_56?crid=1ZXT1P2328F3F&keywords=face+mask+skincare&qid=1668802624&sprefix=face+mask+skincare%2Caps%2C92&sr=8-56,"MEDIHEAL 20 Combo Pack Facial Sheet Mask - N.M.F, Tea Tree, W.H.P, Collagen, Vita Lightbeam - Best Mask Sheet Combo Value Variety Pack - Hydrating Daily Skincare Sheet Face Sheet Mask - Korean Skincare",20 Count (Pack of 1),4.7 out of 5 stars,567,$35.00 ,"FREE delivery Fri, Nov 25 Or fastest delivery Sun, Nov 20|",B08Q3J2M27,https://m.media-amazon.com/images/I/81p9PCJnnHL._AC_UL320_.jpg
292,https://www.amazon.com/Ebanel-Brightening-Moisturizing-Hyaluronic-Anti-Wrinkle/dp/B07K6V8P2R/ref=sr_1_57?crid=1ZXT1P2328F3F&keywords=face+mask+skincare&qid=1668802624&sprefix=face+mask+skincare%2Caps%2C92&sr=8-57,"Ebanel 15 Pack Collagen Face Mask, Instant Brightening & Hydrating Face Sheet Mask with Aloe Vera, Hyaluronic Acid, Vitamin C and E, Chamomile, Anti Aging Face Mask with Hydrolyzed Collagen, Peptide",15 Count (Pack of 1),4.4 out of 5 stars,"11,848",$16.99 ,"FREE delivery Fri, Nov 25 on $25 of items shipped by AmazonOr fastest delivery Sun, Nov 20||Small Business|Small Business|Small Business|<img alt="""" src=""https://m.media-amazon.com/images/I/111mHoVK0kL._SS200_.png"" height=""50px"" width=""50px""/>  Small Business|<img alt="""" src=""https://m.media-amazon.com/images/I/111mHoVK0kL._SS200_.png"" height=""50px"" width=""50px""/>  Small Business",B07K6V8P2R,https://m.media-amazon.com/images/I/61uBGUTrlIL._AC_UL320_.jpg|https://m.media-amazon.com/images/I/111mHoVK0kL._SS200_.png|
293,https://www.amazon.com/Moisturizing-Avocado-Clay-Mask-Glam/dp/B096LZBHRS/ref=sr_1_58?crid=1ZXT1P2328F3F&keywords=face+mask+skincare&qid=1668802624&sprefix=face+mask+skincare%2Caps%2C92&sr=8-58,"Glam Up - Moisturizing Avocado Clay Mask - Vegan Face Mask, Moisturizing Purifying Natural Clay Mask for Dry Skin, Gentle Exfoliating Pore Cleansing Skincare Face Mask, Blackhead remover - (125ml/4.23 Oz)",4.23 Fl Oz (Pack of 1),4.4 out of 5 stars,206,$14.90 ,"FREE delivery Fri, Nov 25 on $25 of items shipped by AmazonOr fastest delivery Sun, Nov 20|",B096LZBHRS,https://m.media-amazon.com/images/I/71QJ0HgKoIL._AC_UL320_.jpg
294,https://www.amazon.com/Light-Therapy-Color-Facial-Reduction/dp/B0BBQTXY2T/ref=sr_1_59?crid=1ZXT1P2328F3F&keywords=face+mask+skincare&qid=1668802624&sprefix=face+mask+skincare%2Caps%2C92&sr=8-59,Led Face Mask Light Therapy 7 Color Led Light Therapy Facial Mask Blue Red Light Therapy for Face Acne Reduction Skin Care Mask,1 Count (Pack of 1),,,$79.98 ,"FREE delivery Fri, Nov 25 Or fastest delivery Sun, Nov 20|",B0BBQTXY2T,https://m.media-amazon.com/images/I/61NUt9rHoYL._AC_UL320_.jpg
295,https://www.amazon.com/DERMAL-Collagen-Essence-Facial-Sheet/dp/B01LMND8N4/ref=sr_1_60?crid=1ZXT1P2328F3F&keywords=face+mask+skincare&qid=1668802624&sprefix=face+mask+skincare%2Caps%2C92&sr=8-60,"DERMAL KOREA Collagen Essence Full Face Facial Mask Sheet 16 Combo Pack B - Nature Made Freshly Korean Face Mask, The Ultimate Supreme Collection for Every Skin Condition Day to Day Skin Concerns",16 Count (Pack of 1),4.6 out of 5 stars,"6,659",$11.99 ,"FREE delivery Fri, Nov 25 on $25 of items shipped by AmazonOr fastest delivery Sun, Nov 20|",B01LMND8N4,https://m.media-amazon.com/images/I/71Co4qHfHeL._AC_UL320_.jpg
296,https://www.amazon.com/sspa/click?ie=UTF8&spc=MTo4NDM4ODQxMDQ5NzM0NTAxOjE2Njg4MDI2MjQ6c3Bfc2VhcmNoX3RoZW1hdGljX2J0ZjoyMDAwNzcxNzcwOTE1OTg6OjA6Og&url=%2FCOSRX-Propolis-Nourishing-Magnet-Sheet%2Fdp%2FB0919CJ4JG%2Fref%3Dsxbs_pa_sp_search_thematic_btf_sspa%3Fcontent-id%3Damzn1.sym.58cc9a81-ce69-447f-ae9a-f946e256a203%253Aamzn1.sym.58cc9a81-ce69-447f-ae9a-f946e256a203%26crid%3D1ZXT1P2328F3F%26cv_ct_cx%3Dface%2Bmask%2Bskincare%26keywords%3Dface%2Bmask%2Bskincare%26pd_rd_i%3DB0919CJ4JG%26pd_rd_r%3D6e67b846-5689-403c-ba26-9b0c88cd06a5%26pd_rd_w%3D3ykI1%26pd_rd_wg%3Dh0xvo%26pf_rd_p%3D58cc9a81-ce69-447f-ae9a-f946e256a203%26pf_rd_r%3DWD7QYXPR5KN9RH0407SB%26qid%3D1668802624%26sprefix%3Dface%2Bmask%2Bskincare%252Caps%252C92%26sr%3D1-1-5434e42d-8be2-4d7d-bf67-67dd4fa72054-spons%26sp_csd%3Dd2lkZ2V0TmFtZT1zcF9zZWFyY2hfdGhlbWF0aWNfYnRm%26psc%3D1,"COSRX 10 Combo Propolis Nourishing Magnet Sheet Mask - Nourishing Soothing Korean Face Mask, Spa Care Set, Korean Skincare",Sponsored,4.3 out of 5 stars|5.0 out of 5 stars|4.7 out of 5 stars|4.5 out of 5 stars|4.5 out of 5 stars,40|1|278|14|19,$7.50 ,,,https://m.media-amazon.com/images/I/61Cxf19ZIYL._AC_UL320_.jpg|https://m.media-amazon.com/images/I/61q3cZsXFlL._AC_UL320_.jpg|https://m.media-amazon.com/images/I/81Ro9y-N7xL._AC_UL320_.jpg|https://m.media-amazon.com/images/I/71sTNeEiM5L._AC_UL320_.jpg|https://m.media-amazon.com/images/I/31YkbiQtMZL._AC_UL320_.jpg
297,https://www.amazon.com/sspa/click?ie=UTF8&spc=MTo4NDM4ODQxMDQ5NzM0NTAxOjE2Njg4MDI2MjQ6c3Bfc2VhcmNoX3RoZW1hdGljX2J0ZjoyMDAwNzcxNzcwOTE1OTg6OjA6Og&url=%2FCOSRX-Propolis-Nourishing-Magnet-Sheet%2Fdp%2FB0919CJ4JG%2Fref%3Dsxbs_pa_sp_search_thematic_btf_sspa%3Fcontent-id%3Damzn1.sym.58cc9a81-ce69-447f-ae9a-f946e256a203%253Aamzn1.sym.58cc9a81-ce69-447f-ae9a-f946e256a203%26crid%3D1ZXT1P2328F3F%26cv_ct_cx%3Dface%2Bmask%2Bskincare%26keywords%3Dface%2Bmask%2Bskincare%26pd_rd_i%3DB0919CJ4JG%26pd_rd_r%3D6e67b846-5689-403c-ba26-9b0c88cd06a5%26pd_rd_w%3D3ykI1%26pd_rd_wg%3Dh0xvo%26pf_rd_p%3D58cc9a81-ce69-447f-ae9a-f946e256a203%26pf_rd_r%3DWD7QYXPR5KN9RH0407SB%26qid%3D1668802624%26sprefix%3Dface%2Bmask%2Bskincare%252Caps%252C92%26sr%3D1-1-5434e42d-8be2-4d7d-bf67-67dd4fa72054-spons%26sp_csd%3Dd2lkZ2V0TmFtZT1zcF9zZWFyY2hfdGhlbWF0aWNfYnRm%26psc%3D1,"COSRX 10 Combo Propolis Nourishing Magnet Sheet Mask - Nourishing Soothing Korean Face Mask, Spa Care Set, Korean Skincare",Sponsored,4.3 out of 5 stars,40,$7.50 ,,B0919CJ4JG,https://m.media-amazon.com/images/I/61Cxf19ZIYL._AC_UL320_.jpg
298,https://www.amazon.com/sspa/click?ie=UTF8&spc=MTo4NDM4ODQxMDQ5NzM0NTAxOjE2Njg4MDI2MjQ6c3Bfc2VhcmNoX3RoZW1hdGljX2J0Zjo6OjE6QjA5VDhNMzZaUzpzZWFyY2g&url=%2FTKMT00562-02-016-Mitomo-Brightening-Skincare-bundles%2Fdp%2FB09T8M36ZS%2Fref%3Dsxbs_pa_sp_search_thematic_btf_sspa%3Fcontent-id%3Damzn1.sym.58cc9a81-ce69-447f-ae9a-f946e256a203%253Aamzn1.sym.58cc9a81-ce69-447f-ae9a-f946e256a203%26crid%3D1ZXT1P2328F3F%26cv_ct_cx%3Dface%2Bmask%2Bskincare%26keywords%3Dface%2Bmask%2Bskincare%26pd_rd_i%3DB09T8M36ZS%26pd_rd_r%3D6e67b846-5689-403c-ba26-9b0c88cd06a5%26pd_rd_w%3D3ykI1%26pd_rd_wg%3Dh0xvo%26pf_rd_p%3D58cc9a81-ce69-447f-ae9a-f946e256a203%26pf_rd_r%3DWD7QYXPR5KN9RH0407SB%26qid%3D1668802624%26sprefix%3Dface%2Bmask%2Bskincare%252Caps%252C92%26sr%3D1-2-5434e42d-8be2-4d7d-bf67-67dd4fa72054-spons%26sp_csd%3Dd2lkZ2V0TmFtZT1zcF9zZWFyY2hfdGhlbWF0aWNfYnRm%26psc%3D1,[TKMT00562-02-016]Mitomo Facial Brightening Skincare Beauty Face Mask Sheet bundles: 4 types – 16 packs,1 Count (Pack of 1),5.0 out of 5 stars,1,$12.99 ,,B09T8M36ZS,https://m.media-amazon.com/images/I/61q3cZsXFlL._AC_UL320_.jpg
299,https://www.amazon.com/sspa/click?ie=UTF8&spc=MTo4NDM4ODQxMDQ5NzM0NTAxOjE2Njg4MDI2MjQ6c3Bfc2VhcmNoX3RoZW1hdGljX2J0Zjo6OjI6QjA3OVRTWDNZMjpzZWFyY2g&url=%2FPatchology-Soothe-FlashMasque-Sheet-Mask%2Fdp%2FB079TSX3Y2%2Fref%3Dsxbs_pa_sp_search_thematic_btf_sspa%3Fcontent-id%3Damzn1.sym.58cc9a81-ce69-447f-ae9a-f946e256a203%253Aamzn1.sym.58cc9a81-ce69-447f-ae9a-f946e256a203%26crid%3D1ZXT1P2328F3F%26cv_ct_cx%3Dface%2Bmask%2Bskincare%26keywords%3Dface%2Bmask%2Bskincare%26pd_rd_i%3DB079TSX3Y2%26pd_rd_r%3D6e67b846-5689-403c-ba26-9b0c88cd06a5%26pd_rd_w%3D3ykI1%26pd_rd_wg%3Dh0xvo%26pf_rd_p%3D58cc9a81-ce69-447f-ae9a-f946e256a203%26pf_rd_r%3DWD7QYXPR5KN9RH0407SB%26qid%3D1668802624%26sprefix%3Dface%2Bmask%2Bskincare%252Caps%252C92%26sr%3D1-3-5434e42d-8be2-4d7d-bf67-67dd4fa72054-spons%26sp_csd%3Dd2lkZ2V0TmFtZT1zcF9zZWFyY2hfdGhlbWF0aWNfYnRm%26psc%3D1,"Patchology Facial Sheet Masks - Men & Women Face Masks Skincare Sheet for Brightening, Moisturizing & Hydrating Skin in 5 Minutes - Best Face Sheets Moisturizer (4 Count)",4 Count (Pack of 1),4.7 out of 5 stars,278,$29.99 ,,B079TSX3Y2,https://m.media-amazon.com/images/I/81Ro9y-N7xL._AC_UL320_.jpg
300,https://www.amazon.com/sspa/click?ie=UTF8&spc=MTo4NDM4ODQxMDQ5NzM0NTAxOjE2Njg4MDI2MjQ6c3Bfc2VhcmNoX3RoZW1hdGljX2J0Zjo6OjM6QjBCNjJWUTFHNjpzZWFyY2g&url=%2FQCFOLY-Hydrojelly-Hydrating-Moisturizing-Brightening%2Fdp%2FB0B62VQ1G6%2Fref%3Dsxbs_pa_sp_search_thematic_btf_sspa%3Fcontent-id%3Damzn1.sym.58cc9a81-ce69-447f-ae9a-f946e256a203%253Aamzn1.sym.58cc9a81-ce69-447f-ae9a-f946e256a203%26crid%3D1ZXT1P2328F3F%26cv_ct_cx%3Dface%2Bmask%2Bskincare%26keywords%3Dface%2Bmask%2Bskincare%26pd_rd_i%3DB0B62VQ1G6%26pd_rd_r%3D6e67b846-5689-403c-ba26-9b0c88cd06a5%26pd_rd_w%3D3ykI1%26pd_rd_wg%3Dh0xvo%26pf_rd_p%3D58cc9a81-ce69-447f-ae9a-f946e256a203%26pf_rd_r%3DWD7QYXPR5KN9RH0407SB%26qid%3D1668802624%26sprefix%3Dface%2Bmask%2Bskincare%252Caps%252C92%26sr%3D1-4-5434e42d-8be2-4d7d-bf67-67dd4fa72054-spons%26sp_csd%3Dd2lkZ2V0TmFtZT1zcF9zZWFyY2hfdGhlbWF0aWNfYnRm%26psc%3D1,Jelly Mask For Facials QCFOLY Jelly Face Mask Skincare Rose Facial Mask Powder 23 fl oz Hydrojelly Mask Hydrating Face Masks Moisturizing Brightening Mask For All Skin Type(Pack of 6),5 Piece Set,4.5 out of 5 stars,14,$39.99 ,,B0B62VQ1G6,https://m.media-amazon.com/images/I/71sTNeEiM5L._AC_UL320_.jpg
301,https://www.amazon.com/sspa/click?ie=UTF8&spc=MTo4NDM4ODQxMDQ5NzM0NTAxOjE2Njg4MDI2MjQ6c3Bfc2VhcmNoX3RoZW1hdGljX2J0Zjo6OjQ6QjBCMURSQlRaWDpzZWFyY2g&url=%2FRolanyin-Blackheads-Skincare-Healthier-Complexion%2Fdp%2FB0B1DRBTZX%2Fref%3Dsxbs_pa_sp_search_thematic_btf_sspa%3Fcontent-id%3Damzn1.sym.58cc9a81-ce69-447f-ae9a-f946e256a203%253Aamzn1.sym.58cc9a81-ce69-447f-ae9a-f946e256a203%26crid%3D1ZXT1P2328F3F%26cv_ct_cx%3Dface%2Bmask%2Bskincare%26keywords%3Dface%2Bmask%2Bskincare%26pd_rd_i%3DB0B1DRBTZX%26pd_rd_r%3D6e67b846-5689-403c-ba26-9b0c88cd06a5%26pd_rd_w%3D3ykI1%26pd_rd_wg%3Dh0xvo%26pf_rd_p%3D58cc9a81-ce69-447f-ae9a-f946e256a203%26pf_rd_r%3DWD7QYXPR5KN9RH0407SB%26qid%3D1668802624%26sprefix%3Dface%2Bmask%2Bskincare%252Caps%252C92%26sr%3D1-5-5434e42d-8be2-4d7d-bf67-67dd4fa72054-spons%26sp_csd%3Dd2lkZ2V0TmFtZT1zcF9zZWFyY2hfdGhlbWF0aWNfYnRm%26psc%3D1,Rolanyin Dead Sea Mud Mask for Face and Body Spa Quality Pore Reducer for Acne Blackheads and Oily Skin Natural Skincare Tightens Skin for A Healthier Complexion…,($3.23/Ounce),4.5 out of 5 stars,19,$13.68 ,,B0B1DRBTZX,https://m.media-amazon.com/images/I/31YkbiQtMZL._AC_UL320_.jpg
309,https://www.amazon.com/sspa/click?ie=UTF8&spc=MTo3NjYxMzE4OTgxNzMxODI2OjE2Njg4MDI2NDg6c3BfYXRmOjIwMDEwNTI0OTEzOTk5ODo6MDo6&url=%2FTatcha-Kissu-Lip-Mask-Wrinkles%2Fdp%2FB08D3FXF64%2Fref%3Dsr_1_1_sspa%3Fcrid%3DLQQWJ13EGGUW%26keywords%3Dlip%2Bmask%26qid%3D1668802648%26sprefix%3Dlip%2Bmask%252Caps%252C80%26sr%3D8-1-spons%26sp_csd%3Dd2lkZ2V0TmFtZT1zcF9hdGY%26psc%3D1,Tatcha Kissu Lip Mask,Sponsored,4.5 out of 5 stars,"1,789",$28.00 ,"FREE delivery Fri, Nov 25 Or fastest delivery Sun, Nov 20||Small Business|Small Business|Small Business|<img alt="""" src=""https://m.media-amazon.com/images/I/111mHoVK0kL._SS200_.png"" height=""50px"" width=""50px""/>  Small Business|<img alt="""" src=""https://m.media-amazon.com/images/I/111mHoVK0kL._SS200_.png"" height=""50px"" width=""50px""/>  Small Business",B08D3FXF64,https://m.media-amazon.com/images/I/313n0R5-QaL._AC_UL320_.jpg|https://m.media-amazon.com/images/I/111mHoVK0kL._SS200_.png|
310,https://www.amazon.com/sspa/click?ie=UTF8&spc=MTo3NjYxMzE4OTgxNzMxODI2OjE2Njg4MDI2NDg6c3BfYXRmOjIwMDEwMDgxODk4NDM5ODo6MDo6&url=%2FFaceTory-Moon-Velvet-Sleeping-Berry%2Fdp%2FB0BGMHB7MT%2Fref%3Dsr_1_2_sspa%3Fcrid%3DLQQWJ13EGGUW%26keywords%3Dlip%2Bmask%26qid%3D1668802648%26sprefix%3Dlip%2Bmask%252Caps%252C80%26sr%3D8-2-spons%26sp_csd%3Dd2lkZ2V0TmFtZT1zcF9hdGY%26psc%3D1%26smid%3DARWG5MYTP9X93,"FaceTory Moon Velvet Sleeping Mask + Berry Jam Lip Sleeping Mask - Nourishing, Calming, Moisturizing, Overnight Face and Lip Mask Bundle",Sponsored,4.7 out of 5 stars,4,$32.95 ,"FREE delivery Fri, Nov 25 Or fastest delivery Sun, Nov 20||Small Business|Small Business|Small Business|<img alt="""" src=""https://m.media-amazon.com/images/I/111mHoVK0kL._SS200_.png"" height=""50px"" width=""50px""/>  Small Business|<img alt="""" src=""https://m.media-amazon.com/images/I/111mHoVK0kL._SS200_.png"" height=""50px"" width=""50px""/>  Small Business",B0BGMHB7MT,https://m.media-amazon.com/images/I/51sigSH360L._AC_UL320_.jpg|https://m.media-amazon.com/images/I/111mHoVK0kL._SS200_.png|
311,https://www.amazon.com/sspa/click?ie=UTF8&spc=MTo3NjYxMzE4OTgxNzMxODI2OjE2Njg4MDI2NDg6c3BfYXRmOjIwMDA5Mjk3NTU4OTA5ODo6MDo6&url=%2FBurts-Bees-Valentines-Moisturizing-Passionfruit%2Fdp%2FB09BP3WK2T%2Fref%3Dsr_1_3_sspa%3Fcrid%3DLQQWJ13EGGUW%26keywords%3Dlip%2Bmask%26qid%3D1668802648%26sprefix%3Dlip%2Bmask%252Caps%252C80%26sr%3D8-3-spons%26sp_csd%3Dd2lkZ2V0TmFtZT1zcF9hdGY%26psc%3D1,"Burt's Bees Stocking Stuffers, Moisturizing Lip Care Christmas Gifts, Overnight Intensive Lip Treatment, Passionfruit & Chamomile, 100% Natural, 0.25 Ounces",Sponsored,4.5 out of 5 stars,"11,233",$8.99 ,"FREE delivery Fri, Nov 25 on $25 of items shipped by AmazonOr fastest delivery Sun, Nov 20|",B09BP3WK2T,https://m.media-amazon.com/images/I/71NZn4voOqL._AC_UL320_.jpg
312,https://www.amazon.com/sspa/click?ie=UTF8&spc=MTo3NjYxMzE4OTgxNzMxODI2OjE2Njg4MDI2NDg6c3BfYXRmOjIwMDAzNjY5NTQ5NzkzMTo6MDo6&url=%2FMoisturizer-Plumper-Moisturizing-Remove-Reduce%2Fdp%2FB07PLHZHK2%2Fref%3Dsr_1_4_sspa%3Fcrid%3DLQQWJ13EGGUW%26keywords%3Dlip%2Bmask%26qid%3D1668802648%26sprefix%3Dlip%2Bmask%252Caps%252C80%26sr%3D8-4-spons%26sp_csd%3Dd2lkZ2V0TmFtZT1zcF9hdGY%26psc%3D1,"VERONNI 24K Gold Lip Mask -30 Patch Golden Lip Masks Set Moisturizer Great Lip Plumper Mask for Dry Lip Hydrating Nourishing,Minizes Lip Fine Lines,Keep Lip Smoother and Firm",Sponsored,4.3 out of 5 stars,761,$9.98 ,"FREE delivery Fri, Nov 25 on $25 of items shipped by AmazonOr fastest delivery Mon, Nov 21|",B07PLHZHK2,https://m.media-amazon.com/images/I/61EMnPDCb4L._AC_UL320_.jpg
313,https://www.amazon.com/Laneige-Sleeping-Berry/dp/B07XXPHQZK/ref=sr_1_5?crid=LQQWJ13EGGUW&keywords=lip+mask&qid=1668802648&sprefix=lip+mask%2Caps%2C80&sr=8-5,"LANEIGE Lip Sleeping Mask: Nourish & Hydrate with Vitamin C, Antioxidants, 0.7 oz.",0.7 Ounce (Pack of 1),4.7 out of 5 stars,"17,823",$24.00 ,"FREE delivery Fri, Nov 25 on $25 of items shipped by AmazonOr fastest delivery Sun, Nov 20|",B07XXPHQZK,https://m.media-amazon.com/images/I/619NklzWT8L._AC_UL320_.jpg
314,https://www.amazon.com/CARENEL-Korean-Cosmetics-Sleeping-Maintaining/dp/B01M8NQNL5/ref=sr_1_6?crid=LQQWJ13EGGUW&keywords=lip+mask&qid=1668802648&sprefix=lip+mask%2Caps%2C80&sr=8-6,"CARENEL Lip Sleeping Mask 5g ( 3 Set ) - Korean Skin Care Maintaining moist lips all day long - Lip gloss and Moisturizers Cream Long lasting - Night Treatments Lip Balm Chapped for Cracked lips, Dry lips, wrinkles lips for girls, women and Men",3 Count (Pack of 1),4.5 out of 5 stars,"4,023",$9.90 ,"FREE delivery Fri, Nov 25 on $25 of items shipped by AmazonOr fastest delivery Sun, Nov 20|",B01M8NQNL5,https://m.media-amazon.com/images/I/61H3SiH-ZaL._AC_UL320_.jpg
315,https://www.amazon.com/Adofect-Collagen-Crystal-Defying-Masques/dp/B083B5QKD4/ref=sr_1_7?crid=LQQWJ13EGGUW&keywords=lip+mask&qid=1668802648&sprefix=lip+mask%2Caps%2C80&sr=8-7,"Adofect 30 Pieces Collagen Crystal Lip Masks, Collagen Lip Pads Great for Moisturizing, Remove Dead Skin, Anti Chapped & Anti-Aging and Plump Your Lips, Pink",30 Count (Pack of 1),4.2 out of 5 stars,"5,262",$11.99 ,"FREE delivery Fri, Nov 25 on $25 of items shipped by AmazonOr fastest delivery Sun, Nov 20|",B083B5QKD4,https://m.media-amazon.com/images/I/61xGHIQtM0L._AC_UL320_.jpg
316,https://www.amazon.com/sspa/click?ie=UTF8&spc=MTo3MzU0NTA2MjM0ODQ5NjkyOjE2Njg4MDI2NDg6c3Bfc2VhcmNoX3RoZW1hdGljOjIwMDEwMjc1MDgyMjI5ODo6MDo6&url=%2FBlistex-Medicated-Balm-15-Ounce-Tubes%2Fdp%2FB000052YDH%2Fref%3Dsxin_16_pa_sp_search_thematic_sspa%3Fcontent-id%3Damzn1.sym.4e7a2229-074e-44de-95c4-9fd858f46295%253Aamzn1.sym.4e7a2229-074e-44de-95c4-9fd858f46295%26crid%3DLQQWJ13EGGUW%26cv_ct_cx%3Dlip%2Bmask%26keywords%3Dlip%2Bmask%26pd_rd_i%3DB000052YDH%26pd_rd_r%3D7b7648f6-0d71-425b-ac26-34f06f4c4906%26pd_rd_w%3DJHoVJ%26pd_rd_wg%3Desr7B%26pf_rd_p%3D4e7a2229-074e-44de-95c4-9fd858f46295%26pf_rd_r%3D63H8A602NZ8QWQ5ZY2XA%26qid%3D1668802648%26sprefix%3Dlip%2Bmask%252Caps%252C80%26sr%3D1-1-a73d1c8c-2fd2-4f19-aa41-2df022bcb241-spons%26sp_csd%3Dd2lkZ2V0TmFtZT1zcF9zZWFyY2hfdGhlbWF0aWM%26psc%3D1,"Blistex Medicated Lip Balm, 0.15 Ounce, Pack of 24 – Prevent Dryness & Chapping, SPF 15 Sun Protection, Seals in Moisture, Hydrating Lip Balm, Easy Glide Formula for Full Coverage",Sponsored | Based on star rating and number of customer ratings,4.8 out of 5 stars|4.5 out of 5 stars|4.4 out of 5 stars|4.6 out of 5 stars|4.4 out of 5 stars,"788|876|2,018|3,569|7,348",$25.50 ,"Small Business|Small Business|Small Business|<img alt="""" src=""https://m.media-amazon.com/images/I/111mHoVK0kL._SS200_.png"" height=""50px"" width=""50px""/>  Small Business|<img alt="""" src=""https://m.media-amazon.com/images/I/111mHoVK0kL._SS200_.png"" height=""50px"" width=""50px""/>  Small Business",,https://m.media-amazon.com/images/I/71JWhTE1KbS._AC_UL320_.jpg|https://m.media-amazon.com/images/I/61HO0cUjgBL._AC_UL320_.jpg|https://m.media-amazon.com/images/I/51KwlsYHxXL._AC_UL320_.jpg|https://m.media-amazon.com/images/I/71+oR54g6mL._AC_UL320_.jpg|https://m.media-amazon.com/images/I/111mHoVK0kL._SS200_.png||https://m.media-amazon.com/images/I/61gJfNOtgYL._AC_UL320_.jpg
317,https://www.amazon.com/sspa/click?ie=UTF8&spc=MTo3MzU0NTA2MjM0ODQ5NjkyOjE2Njg4MDI2NDg6c3Bfc2VhcmNoX3RoZW1hdGljOjIwMDEwMjc1MDgyMjI5ODo6MDo6&url=%2FBlistex-Medicated-Balm-15-Ounce-Tubes%2Fdp%2FB000052YDH%2Fref%3Dsxin_16_pa_sp_search_thematic_sspa%3Fcontent-id%3Damzn1.sym.4e7a2229-074e-44de-95c4-9fd858f46295%253Aamzn1.sym.4e7a2229-074e-44de-95c4-9fd858f46295%26crid%3DLQQWJ13EGGUW%26cv_ct_cx%3Dlip%2Bmask%26keywords%3Dlip%2Bmask%26pd_rd_i%3DB000052YDH%26pd_rd_r%3D7b7648f6-0d71-425b-ac26-34f06f4c4906%26pd_rd_w%3DJHoVJ%26pd_rd_wg%3Desr7B%26pf_rd_p%3D4e7a2229-074e-44de-95c4-9fd858f46295%26pf_rd_r%3D63H8A602NZ8QWQ5ZY2XA%26qid%3D1668802648%26sprefix%3Dlip%2Bmask%252Caps%252C80%26sr%3D1-1-a73d1c8c-2fd2-4f19-aa41-2df022bcb241-spons%26sp_csd%3Dd2lkZ2V0TmFtZT1zcF9zZWFyY2hfdGhlbWF0aWM%26psc%3D1,"Blistex Medicated Lip Balm, 0.15 Ounce, Pack of 24 – Prevent Dryness & Chapping, SPF 15 Sun Protection, Seals in Moisture, Hydrating Lip Balm, Easy Glide Formula for Full Coverage",0.15 Ounce (Pack of 24),4.8 out of 5 stars,788,$25.50 ,,B000052YDH,https://m.media-amazon.com/images/I/71JWhTE1KbS._AC_UL320_.jpg
318,https://www.amazon.com/sspa/click?ie=UTF8&spc=MTo3MzU0NTA2MjM0ODQ5NjkyOjE2Njg4MDI2NDg6c3Bfc2VhcmNoX3RoZW1hdGljOjIwMDA1MzY5NDQ4OTQ2MTo6MTo6&url=%2FFlexitol-Balm-0-35-Ounce-Tube%2Fdp%2FB07BWRNFD3%2Fref%3Dsxin_16_pa_sp_search_thematic_sspa%3Fcontent-id%3Damzn1.sym.4e7a2229-074e-44de-95c4-9fd858f46295%253Aamzn1.sym.4e7a2229-074e-44de-95c4-9fd858f46295%26crid%3DLQQWJ13EGGUW%26cv_ct_cx%3Dlip%2Bmask%26keywords%3Dlip%2Bmask%26pd_rd_i%3DB07BWRNFD3%26pd_rd_r%3D7b7648f6-0d71-425b-ac26-34f06f4c4906%26pd_rd_w%3DJHoVJ%26pd_rd_wg%3Desr7B%26pf_rd_p%3D4e7a2229-074e-44de-95c4-9fd858f46295%26pf_rd_r%3D63H8A602NZ8QWQ5ZY2XA%26qid%3D1668802648%26sprefix%3Dlip%2Bmask%252Caps%252C80%26sr%3D1-2-a73d1c8c-2fd2-4f19-aa41-2df022bcb241-spons%26sp_csd%3Dd2lkZ2V0TmFtZT1zcF9zZWFyY2hfdGhlbWF0aWM%26psc%3D1,"Flexitol Lip Balm, 0.35 Ounce Tube (3 Pack)",0.35 Ounce (Pack of 3),4.5 out of 5 stars,876,$12.62 ,,B07BWRNFD3,https://m.media-amazon.com/images/I/61HO0cUjgBL._AC_UL320_.jpg
319,https://www.amazon.com/sspa/click?ie=UTF8&spc=MTo3MzU0NTA2MjM0ODQ5NjkyOjE2Njg4MDI2NDg6c3Bfc2VhcmNoX3RoZW1hdGljOjIwMDA2MzE4MzQ1NzQ0MTo6Mjo6&url=%2FOvernight-Sleeping-Hydrating-Prevention-Exfoliator%2Fdp%2FB08GJH4RZV%2Fref%3Dsxin_16_pa_sp_search_thematic_sspa%3Fcontent-id%3Damzn1.sym.4e7a2229-074e-44de-95c4-9fd858f46295%253Aamzn1.sym.4e7a2229-074e-44de-95c4-9fd858f46295%26crid%3DLQQWJ13EGGUW%26cv_ct_cx%3Dlip%2Bmask%26keywords%3Dlip%2Bmask%26pd_rd_i%3DB08GJH4RZV%26pd_rd_r%3D7b7648f6-0d71-425b-ac26-34f06f4c4906%26pd_rd_w%3DJHoVJ%26pd_rd_wg%3Desr7B%26pf_rd_p%3D4e7a2229-074e-44de-95c4-9fd858f46295%26pf_rd_r%3D63H8A602NZ8QWQ5ZY2XA%26qid%3D1668802648%26sprefix%3Dlip%2Bmask%252Caps%252C80%26sr%3D1-3-a73d1c8c-2fd2-4f19-aa41-2df022bcb241-spons%26sp_csd%3Dd2lkZ2V0TmFtZT1zcF9zZWFyY2hfdGhlbWF0aWM%26psc%3D1%26smid%3DAH57ASELM5U9H,"2PCS Lip Mask Overnight, Honey&Sakura Day and Night Repair Lip Sleeping Masks Honey Lip Balm, Fade Lip Lines Bee Balm Lip Balm, Hydrating &Prevention Dry and Crack Lip Scrubs Exfoliator",0.35 Ounce (Pack of 2),4.4 out of 5 stars,"2,018",$9.89 ,,B08GJH4RZV,https://m.media-amazon.com/images/I/51KwlsYHxXL._AC_UL320_.jpg
320,https://www.amazon.com/sspa/click?ie=UTF8&spc=MTo3MzU0NTA2MjM0ODQ5NjkyOjE2Njg4MDI2NDg6c3Bfc2VhcmNoX3RoZW1hdGljOjIwMDAwNTgyMTc1MjgxMTo6Mzo6&url=%2FJack-Black-Intense-Therapy-0-25ounce%2Fdp%2FB0070XAL0E%2Fref%3Dsxin_16_pa_sp_search_thematic_sspa%3Fcontent-id%3Damzn1.sym.4e7a2229-074e-44de-95c4-9fd858f46295%253Aamzn1.sym.4e7a2229-074e-44de-95c4-9fd858f46295%26crid%3DLQQWJ13EGGUW%26cv_ct_cx%3Dlip%2Bmask%26keywords%3Dlip%2Bmask%26pd_rd_i%3DB0070XAL0E%26pd_rd_r%3D7b7648f6-0d71-425b-ac26-34f06f4c4906%26pd_rd_w%3DJHoVJ%26pd_rd_wg%3Desr7B%26pf_rd_p%3D4e7a2229-074e-44de-95c4-9fd858f46295%26pf_rd_r%3D63H8A602NZ8QWQ5ZY2XA%26qid%3D1668802648%26rdc%3D1%26sprefix%3Dlip%2Bmask%252Caps%252C80%26sr%3D1-4-a73d1c8c-2fd2-4f19-aa41-2df022bcb241-spons%26sp_csd%3Dd2lkZ2V0TmFtZT1zcF9zZWFyY2hfdGhlbWF0aWM%26psc%3D1,"Jack Black, Intense Therapy Lip Balm SPF 25, 0.25 Ounce (Pack of 1)",0.25 Ounce (Pack of 1),4.6 out of 5 stars,"3,569",$8.00 ,"Small Business|Small Business|Small Business|<img alt="""" src=""https://m.media-amazon.com/images/I/111mHoVK0kL._SS200_.png"" height=""50px"" width=""50px""/>  Small Business|<img alt="""" src=""https://m.media-amazon.com/images/I/111mHoVK0kL._SS200_.png"" height=""50px"" width=""50px""/>  Small Business",B0070XAL0E,https://m.media-amazon.com/images/I/71+oR54g6mL._AC_UL320_.jpg|https://m.media-amazon.com/images/I/111mHoVK0kL._SS200_.png|
321,https://www.amazon.com/sspa/click?ie=UTF8&spc=MTo3MzU0NTA2MjM0ODQ5NjkyOjE2Njg4MDI2NDg6c3Bfc2VhcmNoX3RoZW1hdGljOjIwMDA2NTk4MzczMzg5ODo6NDo6&url=%2FMelixir-Petrolatum-Nourishing-Plant-Based-Chapstick%2Fdp%2FB09DFDG8VQ%2Fref%3Dsxin_16_pa_sp_search_thematic_sspa%3Fcontent-id%3Damzn1.sym.4e7a2229-074e-44de-95c4-9fd858f46295%253Aamzn1.sym.4e7a2229-074e-44de-95c4-9fd858f46295%26crid%3DLQQWJ13EGGUW%26cv_ct_cx%3Dlip%2Bmask%26keywords%3Dlip%2Bmask%26pd_rd_i%3DB09DFDG8VQ%26pd_rd_r%3D7b7648f6-0d71-425b-ac26-34f06f4c4906%26pd_rd_w%3DJHoVJ%26pd_rd_wg%3Desr7B%26pf_rd_p%3D4e7a2229-074e-44de-95c4-9fd858f46295%26pf_rd_r%3D63H8A602NZ8QWQ5ZY2XA%26qid%3D1668802648%26sprefix%3Dlip%2Bmask%252Caps%252C80%26sr%3D1-5-a73d1c8c-2fd2-4f19-aa41-2df022bcb241-spons%26sp_csd%3Dd2lkZ2V0TmFtZT1zcF9zZWFyY2hfdGhlbWF0aWM%26psc%3D1,"Melixir Vegan Lip Butter #09 Noir(Tinted) (+17 more colors) 0.13oz, Bee Free, Petrolatum Free, Deep Nourishing Plant-Based Vegan Chapstick, Vegan Lip Balm for Dry, Cracked and Chapped Lips, Moisturizing Lip Care Gift",1 Count (Pack of 1),4.4 out of 5 stars,"7,348",$15.00 ,,B09DFDG8VQ,https://m.media-amazon.com/images/I/61gJfNOtgYL._AC_UL320_.jpg
323,https://www.amazon.com/W7-Overnight-Soothing-Strawberry-Contains/dp/B086DSRNR8/ref=sr_1_8?crid=LQQWJ13EGGUW&keywords=lip+mask&qid=1668802648&sprefix=lip+mask%2Caps%2C80&sr=8-8,"W7 Sweet Dreams Overnight Strawberry Lip Mask - Vitamin E, Aloe Vera and Grape Seed Oil - For Hydrated, Full Looking & Irresistible Lips",0.42 Ounce (Pack of 1),4.4 out of 5 stars,973,$6.95 ,"FREE delivery Fri, Nov 25 on $25 of items shipped by AmazonOr fastest delivery Sun, Nov 20|",B086DSRNR8,https://m.media-amazon.com/images/I/61OX85+u6iL._AC_UL320_.jpg
324,https://www.amazon.com/Moisture-Collagen-Booster-Sleeping-Treatment/dp/B07S2FXGK5/ref=sr_1_9?crid=LQQWJ13EGGUW&keywords=lip+mask&qid=1668802648&sprefix=lip+mask%2Caps%2C80&sr=8-9,"YUGLO Moisture & Collagen Booster Lip Sleeping Mask | Treatment to Restore, Hydrate & Plump Dry, Chapped Lips - Peach",0.7 Ounce (Pack of 1),4.4 out of 5 stars,"6,593",$13.97 ,"FREE delivery Fri, Nov 25 on $25 of items shipped by AmazonOr fastest delivery Sun, Nov 20||Small Business|Small Business|Small Business|<img alt="""" src=""https://m.media-amazon.com/images/I/111mHoVK0kL._SS200_.png"" height=""50px"" width=""50px""/>  Small Business|<img alt="""" src=""https://m.media-amazon.com/images/I/111mHoVK0kL._SS200_.png"" height=""50px"" width=""50px""/>  Small Business",B07S2FXGK5,https://m.media-amazon.com/images/I/71umgCgBldS._AC_UL320_.jpg|https://m.media-amazon.com/images/I/111mHoVK0kL._SS200_.png|
325,https://www.amazon.com/Permotary-Moisturizing-Reducing-Smoothing-Lines-Lip/dp/B07MC8NJ4F/ref=sr_1_10?crid=LQQWJ13EGGUW&keywords=lip+mask&qid=1668802648&sprefix=lip+mask%2Caps%2C80&sr=8-10,"Permotary 30 PCS Moisturizing Lip Mask Crystal Lip Care Pads Mask for Moisturizing & Reducing Chapped, Smoothing Lip Fine Lines-Lip Patches with Moisture Essence to Firms & Hydrate and Plump Your Lips",30 Count (Pack of 1),4.3 out of 5 stars,"5,600",$11.99 ,"FREE delivery Fri, Nov 25 on $25 of items shipped by AmazonOr fastest delivery Sun, Nov 20|",B07MC8NJ4F,https://m.media-amazon.com/images/I/81eJsRN3OuL._AC_UL320_.jpg
326,https://www.amazon.com/Milani-Rose-Butter-Lip-Mask/dp/B083585YQ7/ref=sr_1_11?crid=LQQWJ13EGGUW&keywords=lip+mask&qid=1668802648&sprefix=lip+mask%2Caps%2C80&sr=8-11,Milani Rose Butter Lip Mask - Overnight Lip Mask to Moisturize and Condition Lips,1 Count (Pack of 1),4.5 out of 5 stars,"1,315",,,B083585YQ7,https://m.media-amazon.com/images/I/51uEsjorgZL._AC_UL320_.jpg
327,https://www.amazon.com/Tatcha-Kissu-Lip-Mask-Wrinkles/dp/B08D3FXF64/ref=sr_1_12?crid=LQQWJ13EGGUW&keywords=lip+mask&qid=1668802648&sprefix=lip+mask%2Caps%2C80&sr=8-12,Tatcha Kissu Lip Mask,0.31 Ounce (Pack of 1),4.5 out of 5 stars,"1,789",$28.00 ,"FREE delivery Fri, Nov 25 Or fastest delivery Sun, Nov 20||Small Business|Small Business|Small Business|<img alt="""" src=""https://m.media-amazon.com/images/I/111mHoVK0kL._SS200_.png"" height=""50px"" width=""50px""/>  Small Business|<img alt="""" src=""https://m.media-amazon.com/images/I/111mHoVK0kL._SS200_.png"" height=""50px"" width=""50px""/>  Small Business",B08D3FXF64,https://m.media-amazon.com/images/I/313n0R5-QaL._AC_UL320_.jpg|https://m.media-amazon.com/images/I/111mHoVK0kL._SS200_.png|
328,https://www.amazon.com/Anti-Aging-Anti-Wrinkle-Treatment-Nourishes-Moisturizing/dp/B09G3BHP1L/ref=sr_1_13?crid=LQQWJ13EGGUW&keywords=lip+mask&qid=1668802648&sprefix=lip+mask%2Caps%2C80&sr=8-13,"20pcs Lip Masks,Anti-Aging Anti-Dry Anti-Wrinkle Lip Mask,Treatment Lip Mask for Lip Care & Lip Plumping & Lip Sleeping & Lip Nourishes & Lip Soothing,Moisturizing Gel and Hydrates Lip Cherry (Red)",($5.99/Count),3.8 out of 5 stars,96,$5.99 ,"FREE delivery Fri, Nov 25 on $25 of items shipped by AmazonOr fastest delivery Tue, Nov 22|",B09G3BHP1L,https://m.media-amazon.com/images/I/71vBgQVJHIL._AC_UL320_.jpg
329,https://aax-us-iad.amazon.com/x/c/RFQUc1aZnVX87q9F-e5HwpkAAAGEjGObJQEAAAH2AQBOL0EgICAgICAgICAgICBOL0EgICAgICAgICAgICBGHMcd/https://www.amazon.com/dp/B08TM73DZ3?pd_rd_i=B08TM73DZ3&pf_rd_p=b000e0a0-9e93-480f-bf78-a83c8136dfcb&pf_rd_r=63H8A602NZ8QWQ5ZY2XA&pd_rd_wg=esr7B&pd_rd_w=mX0gg&pd_rd_r=7b7648f6-0d71-425b-ac26-34f06f4c4906,"FaceTory 23 Sheet Mask Collection - Hydrating, Moisturizing, Radiance Boosting, Soothing, Redness Relief - For All Skin Types, Made in Korea, Variety Pack of 23 Sheet Masks",Sponsored,4.8 out of 5 stars,"2,470",$29.90 ,"FREE delivery Fri, Nov 25 Or fastest delivery Sun, Nov 20|",,
332,https://www.amazon.com/Crystal-Hydrating-Collagen-Nourishing-Anti-Aging/dp/B08F29KTL8/ref=sr_1_14?crid=LQQWJ13EGGUW&keywords=lip+mask&qid=1668802648&sprefix=lip+mask%2Caps%2C80&sr=8-14,24K Golden Crystal Lip Masks 30 Pieces Hydrating Lip Plumper Mask Collagen Nourishing Lip Care Gel Pads Remove Dead Skin Anti Chapped & Anti-Aging Lip Patches,30 Count (Pack of 1),4.3 out of 5 stars,359,$9.99 ,"FREE delivery Fri, Nov 25 on $25 of items shipped by AmazonOr fastest delivery Sun, Nov 20|",B08F29KTL8,https://m.media-amazon.com/images/I/61S7X1-ZpVL._AC_UL320_.jpg
333,https://www.amazon.com/20pcs-Moisturizing-Lines-Plumping-Treatment/dp/B098WYWR5C/ref=sr_1_15?crid=LQQWJ13EGGUW&keywords=lip+mask&qid=1668802648&sprefix=lip+mask%2Caps%2C80&sr=8-15,"20pcs/Pack Moisturizing Lip Mask, Lip Care Mask for Dry Lips and Lip Lines, Moisturizing Plumping Lip Treatment",12 Count (Pack of 1),4.1 out of 5 stars,73,$8.95 ,"FREE delivery Fri, Nov 25 on $25 of items shipped by AmazonOr fastest delivery Tue, Nov 22|",B098WYWR5C,https://m.media-amazon.com/images/I/61Kekx9tD0L._AC_UL320_.jpg
334,https://www.amazon.com/Mario-Badescu-Overnight-Treatment-Softening/dp/B0B7VSL515/ref=sr_1_16?crid=LQQWJ13EGGUW&keywords=lip+mask&qid=1668802648&sprefix=lip+mask%2Caps%2C80&sr=8-16,Mario Badescu Lip Mask with Acai and Vanilla for All Skin Types | Overnight Lip Treatment Enriched With Skin Softening Coconut Oil and Hydrating Shea Butter | 8 FL OZ,($21.00/Ounce),4.3 out of 5 stars,30,$10.50 ,"FREE delivery Fri, Nov 25 on $25 of items shipped by AmazonOr fastest delivery Sun, Nov 20|",B0B7VSL515,https://m.media-amazon.com/images/I/61LXEfs0LaL._AC_UL320_.jpg
335,https://www.amazon.com/sspa/click?ie=UTF8&spc=MTo3NjYxMzE4OTgxNzMxODI2OjE2Njg4MDI2NDg6c3BfbXRmOjIwMDA2MzE4MzQ1NzQ0MTo6MDo6&url=%2FOvernight-Sleeping-Hydrating-Prevention-Exfoliator%2Fdp%2FB08GJH4RZV%2Fref%3Dsr_1_17_sspa%3Fcrid%3DLQQWJ13EGGUW%26keywords%3Dlip%2Bmask%26qid%3D1668802648%26sprefix%3Dlip%2Bmask%252Caps%252C80%26sr%3D8-17-spons%26sp_csd%3Dd2lkZ2V0TmFtZT1zcF9tdGY%26psc%3D1%26smid%3DAH57ASELM5U9H,"2PCS Lip Mask Overnight, Honey&Sakura Day and Night Repair Lip Sleeping Masks Honey Lip Balm, Fade Lip Lines Bee Balm Lip Balm, Hydrating &Prevention Dry and Crack Lip Scrubs Exfoliator",Sponsored,4.4 out of 5 stars,"2,018",$9.89 ,"FREE delivery Fri, Nov 25 on $25 of items shipped by AmazonOr fastest delivery Sun, Nov 20|",B08GJH4RZV,https://m.media-amazon.com/images/I/51KwlsYHxXL._AC_UL320_.jpg
336,https://www.amazon.com/sspa/click?ie=UTF8&spc=MTo3NjYxMzE4OTgxNzMxODI2OjE2Njg4MDI2NDg6c3BfbXRmOjIwMDAzMDIzNjExNjI5ODo6MDo6&url=%2FReengull-Crystal-Collagen-Membrane-Moisturizing%2Fdp%2FB09MB63FJK%2Fref%3Dsr_1_18_sspa%3Fcrid%3DLQQWJ13EGGUW%26keywords%3Dlip%2Bmask%26qid%3D1668802648%26sprefix%3Dlip%2Bmask%252Caps%252C80%26sr%3D8-18-spons%26sp_csd%3Dd2lkZ2V0TmFtZT1zcF9tdGY%26psc%3D1,"Reengull 30 PCS Crystal Pink Collagen Lip Mask for Dry Lips, Membrane Moisturizing Gel Lip Pads, Great for Chapped Lips, Natural Remove Dead Skin and Plump Your Lips (30 PCS Pink)",Sponsored,4.6 out of 5 stars,89,$9.99 ,"FREE delivery Fri, Nov 25 on $25 of items shipped by AmazonOr fastest delivery Sun, Nov 20|",B09MB63FJK,https://m.media-amazon.com/images/I/61JxHUivU3L._AC_UL320_.jpg
337,https://www.amazon.com/sspa/click?ie=UTF8&spc=MTo3NjYxMzE4OTgxNzMxODI2OjE2Njg4MDI2NDg6c3BfbXRmOjIwMDA1MzIyMjk4Njg5ODo6MDo6&url=%2FW7-Overnight-Soothing-Strawberry-Contains%2Fdp%2FB086DSRNR8%2Fref%3Dsr_1_19_sspa%3Fcrid%3DLQQWJ13EGGUW%26keywords%3Dlip%2Bmask%26qid%3D1668802648%26sprefix%3Dlip%2Bmask%252Caps%252C80%26sr%3D8-19-spons%26sp_csd%3Dd2lkZ2V0TmFtZT1zcF9tdGY%26psc%3D1,"W7 Sweet Dreams Overnight Strawberry Lip Mask - Vitamin E, Aloe Vera and Grape Seed Oil - For Hydrated, Full Looking & Irresistible Lips",Sponsored,4.4 out of 5 stars,973,$6.95 ,"FREE delivery Fri, Nov 25 on $25 of items shipped by AmazonOr fastest delivery Sun, Nov 20|",B086DSRNR8,https://m.media-amazon.com/images/I/61OX85+u6iL._AC_UL320_.jpg
338,https://www.amazon.com/sspa/click?ie=UTF8&spc=MTo3NjYxMzE4OTgxNzMxODI2OjE2Njg4MDI2NDg6c3BfbXRmOjIwMDA5OTU5OTMxOTg5ODo6MDo6&url=%2FCollagen-Moisturizing-Anti-Wrinkle-Anti-Aging-Attractive%2Fdp%2FB08GS3BR3B%2Fref%3Dsr_1_20_sspa%3Fcrid%3DLQQWJ13EGGUW%26keywords%3Dlip%2Bmask%26qid%3D1668802648%26sprefix%3Dlip%2Bmask%252Caps%252C80%26sr%3D8-20-spons%26sp_csd%3Dd2lkZ2V0TmFtZT1zcF9tdGY%26psc%3D1,"Lip Mask, 30 Pieces Collagen Crystal Pink Lip Care Gel Masks, Lip Pads For Moisturizing, Anti-Wrinkle, Anti-Aging, Firms Hydrates Lips, Remove Dead Skin Moisture Essence Make Your Lip Attractive Sexy",Sponsored,4.3 out of 5 stars,346,$14.49 ,"FREE delivery Fri, Nov 25 on $25 of items shipped by Amazon|",B08GS3BR3B,https://m.media-amazon.com/images/I/61oaJYsyQCL._AC_UL320_.jpg
339,https://www.amazon.com/Collagen-Moisturizing-Anti-Wrinkle-Anti-Aging-Attractive/dp/B08GS3BR3B/ref=sr_1_21?crid=LQQWJ13EGGUW&keywords=lip+mask&qid=1668802648&sprefix=lip+mask%2Caps%2C80&sr=8-21,"Lip Mask, 30 Pieces Collagen Crystal Pink Lip Care Gel Masks, Lip Pads For Moisturizing, Anti-Wrinkle, Anti-Aging, Firms Hydrates Lips, Remove Dead Skin Moisture Essence Make Your Lip Attractive Sexy",1 Count (Pack of 30),4.3 out of 5 stars,346,$14.49 ,"FREE delivery Fri, Nov 25 on $25 of items shipped by Amazon|",B08GS3BR3B,https://m.media-amazon.com/images/I/61oaJYsyQCL._AC_UL320_.jpg
340,https://www.amazon.com/Moisturizing-Hydrating-Prevention-Exfoliator-Exfoliating/dp/B0B8782RTV/ref=sr_1_22?crid=LQQWJ13EGGUW&keywords=lip+mask&qid=1668802648&sprefix=lip+mask%2Caps%2C80&sr=8-22,"Moisturizing Lip Mask, Hydrating & Prevention Dry and Cracked Lip Scrubs Exfoliator, Lip Exfoliating Sleep Lip Mask Hydrating Lip Balm",1 Count (Pack of 1),5.0 out of 5 stars,1,$9.95 ,"FREE delivery Wed, Nov 30 on $25 of items shipped by AmazonOr fastest delivery Tue, Nov 22|",B0B8782RTV,https://m.media-amazon.com/images/I/51NtMxWKZ3L._AC_UL320_.jpg
341,https://www.amazon.com/Overnight-Sleeping-Hydrating-Prevention-Exfoliator/dp/B08GJH4RZV/ref=sr_1_23?crid=LQQWJ13EGGUW&keywords=lip+mask&qid=1668802648&sprefix=lip+mask%2Caps%2C80&sr=8-23,"2PCS Lip Mask Overnight, Honey&Sakura Day and Night Repair Lip Sleeping Masks Honey Lip Balm, Fade Lip Lines Bee Balm Lip Balm, Hydrating &Prevention Dry and Crack Lip Scrubs Exfoliator",0.35 Ounce (Pack of 2),4.4 out of 5 stars,"2,018",$9.89 ,"FREE delivery Fri, Nov 25 on $25 of items shipped by AmazonOr fastest delivery Sun, Nov 20|",B08GJH4RZV,https://m.media-amazon.com/images/I/51KwlsYHxXL._AC_UL320_.jpg
342,https://www.amazon.com/Moisturizing-Restores-Effectively-Nourishes-Treatment/dp/B09933F1ZH/ref=sr_1_24?crid=LQQWJ13EGGUW&keywords=lip+mask&qid=1668802648&sprefix=lip+mask%2Caps%2C80&sr=8-24,"20Pcs Moisturizing Lip Mask, Lip Sleep Mask Reduces Lip Lines and Restores Moisture, Lip Mask Effectively Nourishes the Lip Skin, Gel Treatment Lip Masks Plumping ​Lips Mask Lip Care Products (Pink)",20 Count (Pack of 1),3.9 out of 5 stars,423,$9.55 ,"FREE delivery Fri, Nov 25 on $25 of items shipped by AmazonOr fastest delivery Mon, Nov 21|",B09933F1ZH,https://m.media-amazon.com/images/I/71Oo43pa+UL._AC_UL320_.jpg
343,https://www.amazon.com/Sleeping-Overnight-Moisturizer-Conditioner-Intensive/dp/B016DYBKL4/ref=sr_1_25?crid=LQQWJ13EGGUW&keywords=lip+mask&qid=1668802648&sprefix=lip+mask%2Caps%2C80&sr=8-25,"100% Natural Vegan Sleeping Lip Mask by Handmade Heroes | Overnight Lip Moisturizer and Conditioner for Dry Lips. Fragrance free, Alcohol free Intensive Lip Balm and Lip Therapy Skin Care (Original - All Nighter)",1 Count (Pack of 1),4.1 out of 5 stars,"3,114",$7.99 ,"FREE delivery Fri, Nov 25 on $25 of items shipped by AmazonOr fastest delivery Mon, Nov 21|",B016DYBKL4,https://m.media-amazon.com/images/I/51pGHk7jNUL._AC_UL320_.jpg
344,https://www.amazon.com/Moisturizing-Collagen-Sleeping-Lightens-Anti-Wrinkle/dp/B0BJKML6B8/ref=sr_1_26?crid=LQQWJ13EGGUW&keywords=lip+mask&qid=1668802648&sprefix=lip+mask%2Caps%2C80&sr=8-26,"20Pcs Moisturizing Lip Mask with Box, Collagen Crystal Gel, Lip Sleeping Mask Reduces Lips Lines and Lightens Lips Color, Anti-Wrinkle, Aging, Dry, Cracked - Overnight Lip Care Fall/Winter (Pink)",($8.99/Fl Oz),,,$8.99 ,"FREE delivery Fri, Nov 25 on $25 of items shipped by AmazonOr fastest delivery Sun, Nov 20|",B0BJKML6B8,https://m.media-amazon.com/images/I/61tnaCIKLQL._AC_UL320_.jpg
345,https://www.amazon.com/CARENEL-Berry-Lip-Sleeping-Mask/dp/B07G2XT92T/ref=sr_1_27?crid=LQQWJ13EGGUW&keywords=lip+mask&qid=1668802648&sprefix=lip+mask%2Caps%2C80&sr=8-27,"CARENEL Berry Lip Sleeping Mask 23g - Lip gloss and Moisturizers Long lasting Night Treatments Lip care balm Chapped cracked lips dry lips for girls, women and Men (Berry)",0.81 Ounce (Pack of 1),4.5 out of 5 stars,"1,012",$13.90 ,"FREE delivery Fri, Nov 25 on $25 of items shipped by AmazonOr fastest delivery Sun, Nov 20|",B07G2XT92T,https://m.media-amazon.com/images/I/51qBqK+cwJL._AC_UL320_.jpg
346,https://www.amazon.com/Genuva-Collagen-Crystal-Moisturizing-Anti-Aging/dp/B07MB6F8K2/ref=sr_1_28?crid=LQQWJ13EGGUW&keywords=lip+mask&qid=1668802648&sprefix=lip+mask%2Caps%2C80&sr=8-28,"Jakuva 30 Pieces Collagen Lip Masks,Lip Care Gel Lip Patches Great for Moisturizing,Nourishing & Firms Lips,Lip Sleeping Mask Lip Pads for Plumping Your Lips,Pink",30 Count (Pack of 1),4.3 out of 5 stars,"3,606",$9.99 ,"FREE delivery Fri, Nov 25 on $25 of items shipped by AmazonOr fastest delivery Sun, Nov 20|",B07MB6F8K2,https://m.media-amazon.com/images/I/716uKcsPMIL._AC_UL320_.jpg
347,https://www.amazon.com/Summer-Fridays-Lip-Butter-Balm/dp/B09FYJWPDB/ref=sr_1_29?crid=LQQWJ13EGGUW&keywords=lip+mask&qid=1668802648&sprefix=lip+mask%2Caps%2C80&sr=8-29,"Summer Fridays Lip Butter Balm - Hydrating Lip Mask - Shea Butter, Vegan - Vanilla Beige - 0.5 Oz",0.5 Ounce (Pack of 1),4.6 out of 5 stars,364,$23.00 ,"FREE delivery Fri, Nov 25 on $25 of items shipped by AmazonOr fastest delivery Sun, Nov 20|",B09FYJWPDB,https://m.media-amazon.com/images/I/51Z3e0Q5V4L._AC_UL320_.jpg
348,https://www.amazon.com/Strawberry-Moisture-Collagen-Sleeping-Treatment/dp/B0BGBLDBBS/ref=sr_1_30?crid=LQQWJ13EGGUW&keywords=lip+mask&qid=1668802648&sprefix=lip+mask%2Caps%2C80&sr=8-30,"Strawberry Mask for Lip, Moisture & Collagen Booster Lip Sleeping Mask , Treatment to Restore, Hydrate & Plump Dry, Chapped Lips , Strawberry Mask for All Lip Types Women",($367.99/Ounce),,,$12.99 ,"FREE delivery Fri, Nov 25 on $25 of items shipped by AmazonOr fastest delivery Sun, Nov 20|",B0BGBLDBBS,https://m.media-amazon.com/images/I/71O-L5u+QcL._AC_UL320_.jpg
349,https://www.amazon.com/Collagen-Moisturizing-Exfoliating-Nourishing-Complexion/dp/B0BCH3P84H/ref=sr_1_31?crid=LQQWJ13EGGUW&keywords=lip+mask&qid=1668802648&sprefix=lip+mask%2Caps%2C80&sr=8-31,"Collagen Crystal Lip Masks 30 Pieces- Moisturizing, Exfoliating, Nourishing- Improves Complexion, Lip Lines, Chapped Lips, Dryness, Peeling- Vitamins and Minerals with Flower Extracts (Variety Pack)",($0.43/Count),4.1 out of 5 stars,19,$12.99 ,"FREE delivery Fri, Nov 25 on $25 of items shipped by AmazonOr fastest delivery Sun, Nov 20|",B0BCH3P84H,https://m.media-amazon.com/images/I/81AcqSJ0i1L._AC_UL320_.jpg
350,https://www.amazon.com/Collagen-Crystal-Moisturizing-Anti-Aging-Products/dp/B0BBZ3H8J8/ref=sr_1_32?crid=LQQWJ13EGGUW&keywords=lip+mask&qid=1668802648&sprefix=lip+mask%2Caps%2C80&sr=8-32,"30 Pieces Collagen Crystal Pink Lip Care Gel Masks, Collagen Lip Pads Great Mask for Moisturizing, Remove Dead Skin, Anti Chapped & Anti-Aging and Plump Your Lips, Great Lip Care Products",30 Count (Pack of 1),,,$9.95 ,"FREE delivery Fri, Nov 25 on $25 of items shipped by AmazonOr fastest delivery Sun, Nov 20|",B0BBZ3H8J8,https://m.media-amazon.com/images/I/71ATjx4u5BL._AC_UL320_.jpg
351,https://www.amazon.com/sspa/click?ie=UTF8&spc=MTo3NjYxMzE4OTgxNzMxODI2OjE2Njg4MDI2NDg6c3BfbXRmOjIwMDAxNTQ5NjA1ODU0MTo6MDo6&url=%2FMeicoly-Crystal-Collagen-Anti-Aging-Moisturizing%2Fdp%2FB07P9K9J9B%2Fref%3Dsr_1_33_sspa%3Fcrid%3DLQQWJ13EGGUW%26keywords%3Dlip%2Bmask%26qid%3D1668802648%26sprefix%3Dlip%2Bmask%252Caps%252C80%26sr%3D8-33-spons%26sp_csd%3Dd2lkZ2V0TmFtZT1zcF9tdGY%26psc%3D1,MEICOLY Lip Masks Sheet Moisturizing Pink Crystal Collagen Under Eye Mask Gel Anti-Aging Eye Patches Dark Circle Remover 18 Packs with Box,Sponsored,4.3 out of 5 stars,381,$8.99 ,"FREE delivery Fri, Nov 25 on $25 of items shipped by AmazonOr fastest delivery Sun, Nov 20|",B07P9K9J9B,https://m.media-amazon.com/images/I/613vX3ua1KL._AC_UL320_.jpg
352,https://www.amazon.com/sspa/click?ie=UTF8&spc=MTo3NjYxMzE4OTgxNzMxODI2OjE2Njg4MDI2NDg6c3BfbXRmOjIwMDA1NTA1MTAyNzk5ODo6MDo6&url=%2FCherry-Vegan-Collagen-Lip-Mask%2Fdp%2FB09VDDFPVW%2Fref%3Dsr_1_34_sspa%3Fcrid%3DLQQWJ13EGGUW%26keywords%3Dlip%2Bmask%26qid%3D1668802648%26sprefix%3Dlip%2Bmask%252Caps%252C80%26sr%3D8-34-spons%26sp_csd%3Dd2lkZ2V0TmFtZT1zcF9tdGY%26psc%3D1%26smid%3DA2P7ONDB9NLO3E,"Lip Mask, Cherry Vegan Collagen by Vitamasques, 3-Pack - Lip Plumper is Moisturizing, Repairing for Dry & Chapped Lips - Nourishing & Hydrating - Wild Cherries & Hyaluronic Acid - Vegan & Cruelty-Free",Sponsored,3.7 out of 5 stars,60,$7.99 ,"FREE delivery on $25 shipped by Amazon.|Small Business|Small Business|Small Business|<img alt="""" src=""https://m.media-amazon.com/images/I/111mHoVK0kL._SS200_.png"" height=""50px"" width=""50px""/>  Small Business|<img alt="""" src=""https://m.media-amazon.com/images/I/111mHoVK0kL._SS200_.png"" height=""50px"" width=""50px""/>  Small Business",B09VDDFPVW,https://m.media-amazon.com/images/I/71mCWV67TcL._AC_UL320_.jpg|https://m.media-amazon.com/images/I/111mHoVK0kL._SS200_.png|
353,https://www.amazon.com/sspa/click?ie=UTF8&spc=MTo3NjYxMzE4OTgxNzMxODI2OjE2Njg4MDI2NDg6c3BfbXRmOjIwMDEwMjg0MTgyNjI5ODo6MDo6&url=%2FBlistex-Medicated-Balm-Moisturizer-count%2Fdp%2FB09LBJ2CHK%2Fref%3Dsr_1_35_sspa%3Fcrid%3DLQQWJ13EGGUW%26keywords%3Dlip%2Bmask%26qid%3D1668802648%26sprefix%3Dlip%2Bmask%252Caps%252C80%26sr%3D8-35-spons%26sp_csd%3Dd2lkZ2V0TmFtZT1zcF9tdGY%26psc%3D1,"Blistex Medicated Lip Balm, 0.15 Ounce, Pack of 5 – Prevent Dryness & Chapping, SPF 15 Sun Protection, Seals in Moisture, Hydrating Lip Balm, Easy Glide Formula for Full Coverage",Sponsored,4.9 out of 5 stars,330,$4.97 ,FREE delivery on $25 shipped by Amazon.,B09LBJ2CHK,https://m.media-amazon.com/images/I/71sBOjbd1-L._AC_UL320_.jpg
354,https://www.amazon.com/sspa/click?ie=UTF8&spc=MTo3NjYxMzE4OTgxNzMxODI2OjE2Njg4MDI2NDg6c3BfbXRmOjIwMDAyNjYwNzE4NzA3MTo6MDo6&url=%2FDew-Care-Lip-Mask-Moisturizing%2Fdp%2FB07XPK3ZPS%2Fref%3Dsr_1_36_sspa%3Fcrid%3DLQQWJ13EGGUW%26keywords%3Dlip%2Bmask%26qid%3D1668802648%26sprefix%3Dlip%2Bmask%252Caps%252C80%26sr%3D8-36-spons%26sp_csd%3Dd2lkZ2V0TmFtZT1zcF9tdGY%26psc%3D1%26smid%3DA1OPF31LFC3IB3,"I Dew Care Lip Mask - Plush Party | Overnight Moisturizing Vitamin C Sleeping Balm, With Cocoa Butter For Dry Lips, 0.42 Oz",Sponsored,4.4 out of 5 stars,"2,430",$16.00 ,"FREE delivery Fri, Nov 25 on $25 of items shipped by AmazonOr fastest delivery Sun, Nov 20|",B07XPK3ZPS,https://m.media-amazon.com/images/I/6108BY+2H9L._AC_UL320_.jpg
355,https://www.amazon.com/Wild-Peanut-Collection-Merry-Marshmallow/dp/B0BFGDNW36/ref=sr_1_37?crid=LQQWJ13EGGUW&keywords=lip+mask&qid=1668802648&sprefix=lip+mask%2Caps%2C80&sr=8-37,Wet N Wild Peanut Collection Merry Marshmallow Lip Mask,($4.98/Ounce),4.5 out of 5 stars,121,$4.98 ,"FREE delivery Fri, Nov 25 on $25 of items shipped by AmazonOr fastest delivery Sun, Nov 20|",B0BFGDNW36,https://m.media-amazon.com/images/I/71l2N0KV+KL._AC_UL320_.jpg
356,https://www.amazon.com/Hydrating-Prevention-Lipstick-Raincoat-Sleeping/dp/B08GQ7BT48/ref=sr_1_38?crid=LQQWJ13EGGUW&keywords=lip+mask&qid=1668802648&sprefix=lip+mask%2Caps%2C80&sr=8-38,"Honey Lip Mask, Lip Masks for Dry Lips, Day and Night Repair The Lip Color Fade Lip Lines Hydrating Prevention Dry and Crack Lipstick Raincoat, Sleeping Lip Mask (honey for day use)",0.35 Ounce (Pack of 1),4.4 out of 5 stars,661,$6.10 ,"FREE delivery Fri, Nov 25 on $25 of items shipped by AmazonOr fastest delivery Tue, Nov 22|",B08GQ7BT48,https://m.media-amazon.com/images/I/51GylCUGrWL._AC_UL320_.jpg
357,https://www.amazon.com/Burts-Bees-Valentines-Moisturizing-Passionfruit/dp/B09BP3WK2T/ref=sr_1_39?crid=LQQWJ13EGGUW&keywords=lip+mask&qid=1668802648&sprefix=lip+mask%2Caps%2C80&sr=8-39,"Burt's Bees Stocking Stuffers, Moisturizing Lip Care Christmas Gifts, Overnight Intensive Lip Treatment, Passionfruit & Chamomile, 100% Natural, 0.25 Ounces",0.25 Ounce (Pack of 1),4.5 out of 5 stars,"11,233",$8.99 ,"FREE delivery Fri, Nov 25 on $25 of items shipped by AmazonOr fastest delivery Sun, Nov 20|",B09BP3WK2T,https://m.media-amazon.com/images/I/71NZn4voOqL._AC_UL320_.jpg
358,https://www.amazon.com/OKeeffes-Repair-Night-Treatment-Ounce/dp/B07QJ26DT1/ref=sr_1_40?crid=LQQWJ13EGGUW&keywords=lip+mask&qid=1668802648&sprefix=lip+mask%2Caps%2C80&sr=8-40,"O'Keeffe's Lip Repair Night Treatment Lip Balm, .25 Ounce Jar, (Pack of 1)",($23.96/Ounce),4.5 out of 5 stars,"12,873",$5.99 ,"FREE delivery Fri, Nov 25 on $25 of items shipped by AmazonOr fastest delivery Sun, Nov 20|",B07QJ26DT1,https://m.media-amazon.com/images/I/91oxFS7JYkL._AC_UL320_.jpg
359,https://www.amazon.com/Laneige-Lip-Glowy-Balm-Berry/dp/B07DY2QRF6/ref=sr_1_41?crid=LQQWJ13EGGUW&keywords=lip+mask&qid=1668802648&sprefix=lip+mask%2Caps%2C80&sr=8-41,LANEIGE Lip Glowy Balm,0.35 Ounce (Pack of 1),4.7 out of 5 stars,"5,353",$17.00 ,"FREE delivery Fri, Nov 25 on $25 of items shipped by AmazonOr fastest delivery Sun, Nov 20|",B07DY2QRF6,https://m.media-amazon.com/images/I/41pPl25fGvL._AC_UL320_.jpg
360,https://www.amazon.com/eos-FlavorLab-Raspberry-Overnight-Moisturizer/dp/B09V393WXC/ref=sr_1_42?crid=LQQWJ13EGGUW&keywords=lip+mask&qid=1668802648&sprefix=lip+mask%2Caps%2C80&sr=8-42,"eos FlavorLab Super Soft Shea Lip Balm- Raspberry Kiwi Splash, Overnight Lip Mask and Lip Moisturizer, 24HR Hydration,2 Piece Set(Pack of 1)",2 Piece Set(Pack of 1),4.7 out of 5 stars,"1,378",$4.99 ,"FREE delivery Fri, Nov 25 on $25 of items shipped by AmazonOr fastest delivery Mon, Nov 21|",B09V393WXC,https://m.media-amazon.com/images/I/81Mk9FefoJL._AC_UL320_.jpg
361,https://www.amazon.com/Vafee-Plumper-Enhancer-Beautiful-Hydrating/dp/B085NM71LS/ref=sr_1_43?crid=LQQWJ13EGGUW&keywords=lip+mask&qid=1668802648&sprefix=lip+mask%2Caps%2C80&sr=8-43,"DEROL Lip Plumper by Vafee, Natural Lip Plumper and Lip Care Serum, Lip Enhancer for Fuller, Lip Mask, Beautiful Fuller, Hydrating & Reduce Fine Lines 5.5ML (Day& Night)",2 Count (Pack of 1),3.8 out of 5 stars,"8,434",$12.99 ,"FREE delivery Fri, Nov 25 on $25 of items shipped by AmazonOr fastest delivery Sun, Nov 20|",B085NM71LS,https://m.media-amazon.com/images/I/51N9tesPxdL._AC_UL320_.jpg
362,https://www.amazon.com/Honey-Strawberry-Propolis-Moisturizing-Stick/dp/B0B9JGWZC7/ref=sr_1_44?crid=LQQWJ13EGGUW&keywords=lip+mask&qid=1668802648&sprefix=lip+mask%2Caps%2C80&sr=8-44,"2 PCS Bee Balm Lip Balm Honey Pot, Honey & Strawberry Lip Mask Propolis Moisturizing Lip Balm with Stick - Hydrating Prevention Dry and Cracked Lip Scrubs Exfoliato Lip Wrinkle Skin Care Products",($9.98/Count),5.0 out of 5 stars,10,$9.98 ,"FREE delivery Fri, Nov 25 on $25 of items shipped by AmazonOr fastest delivery Sun, Nov 20|",B0B9JGWZC7,https://m.media-amazon.com/images/I/61ygG6jCIML._AC_UL320_.jpg
363,https://www.amazon.com/Overnight-Treatment-Sleeping-Ingredients-Moisturizing/dp/B0B7BCSRYH/ref=sr_1_45?crid=LQQWJ13EGGUW&keywords=lip+mask&qid=1668802648&sprefix=lip+mask%2Caps%2C80&sr=8-45,ETUDE Ginger Sugar Overnight Lip Mask Treatment 25g| Gentle Korean Lip Sleeping Mask Skin Care| Smooth and Moist Lips| Natural Ingredients Nourish & Hydrate Ginger Shea Butter Give Moisturizing Effect,($11.34/Ounce),4.3 out of 5 stars,38,$10.00 ,"FREE delivery Fri, Nov 25 on $25 of items shipped by AmazonOr fastest delivery Sun, Nov 20|",B0B7BCSRYH,https://m.media-amazon.com/images/I/51G4NdgaoWL._AC_UL320_.jpg
364,https://www.amazon.com/Patchology-FlashPatch-Hydrating-Moisturize-Dehydrated/dp/B01M1YORIR/ref=sr_1_46?crid=LQQWJ13EGGUW&keywords=lip+mask&qid=1668802648&sprefix=lip+mask%2Caps%2C80&sr=8-46,"Patchology Moodpatch & FlashPatch Lip Gels - Lip Masks for Hydration, Repair & Soothing Aromatherapy - Best Dry Lip Treatment & Moisturizer for Dry Lips - Day & Night Use (5 Count)",5 Count (Pack of 1),4.4 out of 5 stars,303,$15.00 ,"FREE delivery Fri, Nov 25 on $25 of items shipped by AmazonOr fastest delivery Sun, Nov 20|",B01M1YORIR,https://m.media-amazon.com/images/I/81He5+noJUL._AC_UL320_.jpg
365,https://www.amazon.com/Reengull-Crystal-Collagen-Membrane-Moisturizing/dp/B09MB63FJK/ref=sr_1_47?crid=LQQWJ13EGGUW&keywords=lip+mask&qid=1668802648&sprefix=lip+mask%2Caps%2C80&sr=8-47,"Reengull 30 PCS Crystal Pink Collagen Lip Mask for Dry Lips, Membrane Moisturizing Gel Lip Pads, Great for Chapped Lips, Natural Remove Dead Skin and Plump Your Lips (30 PCS Pink)",30 Count (Pack of 1),4.6 out of 5 stars,89,$9.99 ,"FREE delivery Fri, Nov 25 on $25 of items shipped by AmazonOr fastest delivery Sun, Nov 20|",B09MB63FJK,https://m.media-amazon.com/images/I/61JxHUivU3L._AC_UL320_.jpg
366,https://www.amazon.com/Moisturizer-Plumper-Moisturizing-Remove-Reduce/dp/B07PLHZHK2/ref=sr_1_48?crid=LQQWJ13EGGUW&keywords=lip+mask&qid=1668802648&sprefix=lip+mask%2Caps%2C80&sr=8-48,"VERONNI 24K Gold Lip Mask -30 Patch Golden Lip Masks Set Moisturizer Great Lip Plumper Mask for Dry Lip Hydrating Nourishing,Minizes Lip Fine Lines,Keep Lip Smoother and Firm",30 Count (Pack of 1),4.3 out of 5 stars,761,$9.98 ,"FREE delivery Fri, Nov 25 on $25 of items shipped by AmazonOr fastest delivery Mon, Nov 21|",B07PLHZHK2,https://m.media-amazon.com/images/I/61EMnPDCb4L._AC_UL320_.jpg
367,https://www.amazon.com/Overnight-Collagen-Treatment-Effectively-Moisturizes/dp/B07Y85G1GJ/ref=sr_1_49?crid=LQQWJ13EGGUW&keywords=lip+mask&qid=1668802648&sprefix=lip+mask%2Caps%2C80&sr=8-49,"MeMe Lip Mask Overnight Berry 1.05 Oz, Korean Beauty Collagen Peptide Lip Treatment, Night Treatment Lip Balm Effectively Moisturizes And Repairs Dry Chapped Lips, Lip Care Sleep Mask",1.05 Ounce (Pack of 1),4.4 out of 5 stars,630,$8.99 ,"FREE delivery Fri, Nov 25 on $25 of items shipped by AmazonOr fastest delivery Sun, Nov 20|",B07Y85G1GJ,https://m.media-amazon.com/images/I/71AZB36cGGL._AC_UL320_.jpg
368,https://www.amazon.com/BITE-BEAUTY-Agave-Intensive-Vegan/dp/B0855TKG3N/ref=sr_1_50?crid=LQQWJ13EGGUW&keywords=lip+mask&qid=1668802648&sprefix=lip+mask%2Caps%2C80&sr=8-50,BITE BEAUTY Agave+ Intensive Vegan Lip Mask Agave - clear,1 Count (Pack of 1),4.6 out of 5 stars,99,$16.43 ,"FREE delivery Fri, Nov 25 on $25 of items shipped by AmazonOr fastest delivery Sun, Nov 20|",B0855TKG3N,https://m.media-amazon.com/images/I/31gceIStkbL._AC_UL320_.jpg
369,https://www.amazon.com/Avashine-Collagen-Peptide-Moisturizer-Treatment/dp/B07WG448FM/ref=sr_1_51?crid=LQQWJ13EGGUW&keywords=lip+mask&qid=1668802648&sprefix=lip+mask%2Caps%2C80&sr=8-51,"Avashine Lip Sleep Mask with Collagen Peptide, lip mask for dry lips, a Lip Moisturizer for Lip Care and Lip Treatment",0.7 Ounce (Pack of 1),4.3 out of 5 stars,"2,155",$12.99 ,"FREE delivery Fri, Nov 25 on $25 of items shipped by AmazonOr fastest delivery Sun, Nov 20|",B07WG448FM,https://m.media-amazon.com/images/I/71G+ulLYhFL._AC_UL320_.jpg
370,https://www.amazon.com/Laniege-Sleeping-Collagen-Treatment-Moisturize/dp/B0B52JN3NX/ref=sr_1_52?crid=LQQWJ13EGGUW&keywords=lip+mask&qid=1668802648&sprefix=lip+mask%2Caps%2C80&sr=8-52,"Laniege Lip Sleeping Mask Peach, Lip Collagen Treatment Balm, Hydrate, Moisturize, Nourish and Visibly Plump Lips with Collagen + Coconut Oil + Green Tea Extract, 0.45 oz.",0.45 Ounce (Pack of 1),4.5 out of 5 stars,71,$12.99 ,"FREE delivery Fri, Nov 25 on $25 of items shipped by AmazonOr fastest delivery Sun, Nov 20|",B0B52JN3NX,https://m.media-amazon.com/images/I/51XNPzZUIyL._AC_UL320_.jpg
371,https://www.amazon.com/Jack-Black-Intense-Therapy-0-25ounce/dp/B0070XAL0E/ref=sr_1_53?crid=LQQWJ13EGGUW&keywords=lip+mask&qid=1668802648&rdc=1&sprefix=lip+mask%2Caps%2C80&sr=8-53,"Jack Black, Intense Therapy Lip Balm SPF 25, 0.25 Ounce (Pack of 1)",0.25 Ounce (Pack of 1),4.6 out of 5 stars,"3,569",$8.00 ,"FREE delivery Fri, Nov 25 on $25 of items shipped by AmazonOr fastest delivery Sun, Nov 20||Small Business|Small Business|Small Business|<img alt="""" src=""https://m.media-amazon.com/images/I/111mHoVK0kL._SS200_.png"" height=""50px"" width=""50px""/>  Small Business|<img alt="""" src=""https://m.media-amazon.com/images/I/111mHoVK0kL._SS200_.png"" height=""50px"" width=""50px""/>  Small Business",B0070XAL0E,https://m.media-amazon.com/images/I/71+oR54g6mL._AC_UL320_.jpg|https://m.media-amazon.com/images/I/111mHoVK0kL._SS200_.png|
372,https://www.amazon.com/Plumper-Enhancer-Sleeping-Propolis-Moisturizing/dp/B09MPZYWFC/ref=sr_1_54?crid=LQQWJ13EGGUW&keywords=lip+mask&qid=1668802648&sprefix=lip+mask%2Caps%2C80&sr=8-54,"Lip Plumper Lip Mask Set, Natural Lip Enhancer Care Serum and Lip Sleeping Mask, Ginger and Beeswax Essence Scent Set for Day And Night",2 Piece Set,4.1 out of 5 stars,451,$7.99 ,"FREE delivery Fri, Nov 25 on $25 of items shipped by AmazonOr fastest delivery Sun, Nov 20|",B09MPZYWFC,https://m.media-amazon.com/images/I/51bXjvI-gTL._AC_UL320_.jpg
373,https://www.amazon.com/LANEIGE-Lip-Treatment-Balm-Peptides/dp/B095SS83DY/ref=sr_1_55?crid=LQQWJ13EGGUW&keywords=lip+mask&qid=1668802648&sprefix=lip+mask%2Caps%2C80&sr=8-55,"LANEIGE Lip Treatment Balm: Nourish, Hydrate, and Visibly Plump Lips with Coconut Oil & Peptides, 0.35 oz.",0.35 Ounce (Pack of 1),4.7 out of 5 stars,525,$25.00 ,"FREE delivery Fri, Nov 25 Or fastest delivery Sun, Nov 20|",B095SS83DY,https://m.media-amazon.com/images/I/51wGtw6482L._AC_UL320_.jpg
374,https://www.amazon.com/CCbeauty-Collagen-Crystal-Moisturer-Attractive/dp/B08Q34PHB7/ref=sr_1_56?crid=LQQWJ13EGGUW&keywords=lip+mask&qid=1668802648&sprefix=lip+mask%2Caps%2C80&sr=8-56,"CCbeauty Pink Lip Masks 30-Pack Collagen Crystal Gel Lip Care Mask hydrating Moisturizing Essence,Remove Dead Skin, Anti Chapped Pads Lip Mask for Dry Lips, Mothers Day Gift Sets",30 Count (Pack of 1),4.2 out of 5 stars,782,$9.99 ,"FREE delivery Fri, Nov 25 on $25 of items shipped by AmazonOr fastest delivery Sun, Nov 20|",B08Q34PHB7,https://m.media-amazon.com/images/I/51diF7Era9L._AC_UL320_.jpg
375,https://www.amazon.com/NIYET-pieces-Moisturizing-Collagen-Crystal/dp/B099953VCY/ref=sr_1_57?crid=LQQWJ13EGGUW&keywords=lip+mask&qid=1668802648&sprefix=lip+mask%2Caps%2C80&sr=8-57,"NIYET 30 pieces of Moisturizing Collagen Crystal Lip Mask - Anti-Ageing & Anti Chapped, Reduce lip Wrinkles, Fade Lip Color, Make Skin Smooth And Firm Collagen Lip Pieces (Pink)",30 Count (Pack of 1),4.3 out of 5 stars,425,$9.99 ,"FREE delivery Fri, Nov 25 on $25 of items shipped by AmazonOr fastest delivery Sun, Nov 20|",B099953VCY,https://m.media-amazon.com/images/I/71xb+i+L-CS._AC_UL320_.jpg
376,https://www.amazon.com/Revision-Skincare-YouthFull-Replenisher-0-33/dp/B084TPK3WY/ref=sr_1_58?crid=LQQWJ13EGGUW&keywords=lip+mask&qid=1668802648&sprefix=lip+mask%2Caps%2C80&sr=8-58,"Revision Skincare YouthFull Lip Replenisher, the definitive solution for youthful lips, 0.33 oz",0.33 Ounce (Pack of 1),4.5 out of 5 stars,"1,105",$38.00 ,"FREE delivery Fri, Nov 25 Or fastest delivery Mon, Nov 21|",B084TPK3WY,https://m.media-amazon.com/images/I/41wd6S+5CSL._AC_UL320_.jpg
377,https://www.amazon.com/Moisturizing-Collagen-Sleeping-Effectively-Nourishes/dp/B09PG7S5S8/ref=sr_1_59?crid=LQQWJ13EGGUW&keywords=lip+mask&qid=1668802648&sprefix=lip+mask%2Caps%2C80&sr=8-59,"20Pcs Moisturizing Lip Mask, Collagen Lip Sleeping Mask Reduces Lip Wrinkles and Restores Moisture, Lip Masks for Dry Lips Lip Care Fall/Winter Lip Balm Effectively Nourishes Lip Skin",($0.99/Ounce),3.9 out of 5 stars,16,$6.99 ,"FREE delivery Fri, Nov 25 on $25 of items shipped by AmazonOr fastest delivery Sun, Nov 20|",B09PG7S5S8,https://m.media-amazon.com/images/I/71AgnauYUeL._AC_UL320_.jpg
378,https://www.amazon.com/24K-Gold-Eye-Masks-All-Natural/dp/B07DVN2H6B/ref=sr_1_60?crid=LQQWJ13EGGUW&keywords=lip+mask&qid=1668802648&sprefix=lip+mask%2Caps%2C80&sr=8-60,"24K Gold Eye Mask– 15 Pairs - Puffy Eyes and Dark Circles Treatments – Look Less Tired and Reduce Wrinkles and Fine Lines Undereye, Revitalize and Refresh Your Skin - CrueltyFree and Vegan",15 Pair (Pack of 1),4.2 out of 5 stars,"28,144",$15.99 ,"FREE delivery Fri, Nov 25 on $25 of items shipped by AmazonOr fastest delivery Sun, Nov 20|",B07DVN2H6B,https://m.media-amazon.com/images/I/71msa8tvCDL._AC_UL320_.jpg
379,https://aax-us-iad.amazon.com/x/c/RGfickDy_qqSRiosh-MgHEUAAAGEjGObLgEAAAH2AQBOL0EgICAgICAgICAgICBOL0EgICAgICAgICAgICCs7mCh/https://www.amazon.com/dp/B08P6MQ2KX?pd_rd_i=B08P6MQ2KX&pf_rd_p=55defc4a-7c1e-47a7-8d1d-5cc458cca688&pf_rd_r=63H8A602NZ8QWQ5ZY2XA&pd_rd_wg=B0lE2&pd_rd_w=Ro4M4&pd_rd_r=bc3ed40c-fd08-4897-b492-0eadc35b13c2,"Cooling Ice Gel Eye Mask Reusable Eye Masks, Sleeping Mask with Plush Backing for Headache, Puffiness, Migraine, Stress Relief (Blue)…",Sponsored,4.5 out of 5 stars,"1,848",$7.99 ,"FREE delivery Fri, Nov 25 on $25 of items shipped by AmazonOr fastest delivery Sun, Nov 20|",,
387,https://www.amazon.com/sspa/click?ie=UTF8&spc=MTo1MjA5NDgwNTk2NzQ4NjExOjE2Njg4MDI2NzA6c3BfYXRmOjIwMDAxMTk4MTU0NDcyMTo6MDo6&url=%2FAmazon-Brand-Solimo-Cocoa-Butter%2Fdp%2FB07J5VCJQN%2Fref%3Dsr_1_1_sspa%3Fcrid%3DHDHX3F3NT1QO%26keywords%3Dface%2Boil%26qid%3D1668802670%26sprefix%3Dface%2Boil%252Caps%252C85%26sr%3D8-1-spons%26sp_csd%3Dd2lkZ2V0TmFtZT1zcF9hdGY%26psc%3D1,"Amazon Brand - Solimo Body Oil Gel with Cocoa Butter, Paraben Free, 6.8 Fluid Ounce (Pack of 4)",Featured from our brands,4.5 out of 5 stars,"13,051",$16.55 ,FREE delivery on $25 shipped by Amazon.,B07J5VCJQN,https://m.media-amazon.com/images/I/81Oq-rxzarL._AC_UL320_.jpg
388,https://www.amazon.com/sspa/click?ie=UTF8&spc=MTo1MjA5NDgwNTk2NzQ4NjExOjE2Njg4MDI2NzA6c3BfYXRmOjIwMDA4NDgyNjYxNTA5ODo6MDo6&url=%2FOrganic-Lavender-Grapeseed-Vitamin-Moisturizer%2Fdp%2FB01B12KCGC%2Fref%3Dsr_1_2_sspa%3Fcrid%3DHDHX3F3NT1QO%26keywords%3Dface%2Boil%26qid%3D1668802670%26sprefix%3Dface%2Boil%252Caps%252C85%26sr%3D8-2-spons%26sp_csd%3Dd2lkZ2V0TmFtZT1zcF9hdGY%26psc%3D1,"Organic Blend of Olive, Lavender, Almond, Vitamin E and Grapeseed Oils, Day and Night Moisturizer for Dry Skin, Face, Hair, Foot, Leg, Hands, Nail and Cuticle Care, Natural Body Oil for Women and Men",Sponsored,4.5 out of 5 stars,"33,136",$14.99 ,"FREE delivery Fri, Nov 25 on $25 of items shipped by AmazonOr fastest delivery Sun, Nov 20||Climate Pledge Friendly  Small Business|Climate Pledge Friendly|Climate Pledge Friendly|Small Business|Small Business|<img alt="""" src=""https://m.media-amazon.com/images/I/216-OX9rBaL._SS200_.png"" height=""50px"" width=""50px""/>  Climate Pledge Friendly|<img alt="""" src=""https://m.media-amazon.com/images/I/216-OX9rBaL._SS200_.png"" height=""50px"" width=""50px""/>  Climate Pledge Friendly|<img alt="""" src=""https://m.media-amazon.com/images/I/51vgBATI8mL._SS200_.jpg"" height=""50px"" width=""50px""/> Climate neutral by ClimatePartner|<img alt="""" src=""https://m.media-amazon.com/images/I/111mHoVK0kL._SS200_.png"" height=""50px"" width=""50px""/>  Small Business|<img alt="""" src=""https://m.media-amazon.com/images/I/111mHoVK0kL._SS200_.png"" height=""50px"" width=""50px""/>  Small Business",B01B12KCGC,https://m.media-amazon.com/images/I/71rlGQ-3nWL._AC_UL320_.jpg|https://m.media-amazon.com/images/I/216-OX9rBaL._SS200_.png|https://m.media-amazon.com/images/I/111mHoVK0kL._SS200_.png|||
389,https://www.amazon.com/sspa/click?ie=UTF8&spc=MTo1MjA5NDgwNTk2NzQ4NjExOjE2Njg4MDI2NzA6c3BfYXRmOjIwMDA4NDE5OTI2MDE5ODo6MDo6&url=%2FVitamin-Retinol-Niacinamide-Hyaluronic-Salicylic%2Fdp%2FB01BT02Q88%2Fref%3Dsr_1_3_sspa%3Fcrid%3DHDHX3F3NT1QO%26keywords%3Dface%2Boil%26qid%3D1668802670%26sprefix%3Dface%2Boil%252Caps%252C85%26sr%3D8-3-spons%26sp_csd%3Dd2lkZ2V0TmFtZT1zcF9hdGY%26psc%3D1%26smid%3DAYBNWO8ZGP63G,"Vitamin C Serum Plus With Hyaluronic Acid Serum, Retinol, Niacinamide, Salicylic Acid Vitamin C Serum for Face - Anti Aging Serum, Skin Care, Dark Spot Remover for Face by Eva Naturals (1 oz)",Sponsored,4.3 out of 5 stars,"50,903",$14.99 ,"FREE delivery Fri, Nov 25 on $25 of items shipped by AmazonOr fastest delivery Sun, Nov 20||Small Business|Small Business|Small Business|<img alt="""" src=""https://m.media-amazon.com/images/I/111mHoVK0kL._SS200_.png"" height=""50px"" width=""50px""/>  Small Business|<img alt="""" src=""https://m.media-amazon.com/images/I/111mHoVK0kL._SS200_.png"" height=""50px"" width=""50px""/>  Small Business",B01BT02Q88,https://m.media-amazon.com/images/I/61yK9kpk3LL._AC_UL320_.jpg|https://m.media-amazon.com/images/I/111mHoVK0kL._SS200_.png|
390,https://www.amazon.com/sspa/click?ie=UTF8&spc=MTo1MjA5NDgwNTk2NzQ4NjExOjE2Njg4MDI2NzA6c3BfYXRmOjIwMDA0NTk5MDU1MzU5ODo6MDo6&url=%2FJSHealth-Hydrating-Face-Women-Vitamin%2Fdp%2FB09S3Y3KDS%2Fref%3Dsr_1_4_sspa%3Fcrid%3DHDHX3F3NT1QO%26keywords%3Dface%2Boil%26qid%3D1668802670%26sprefix%3Dface%2Boil%252Caps%252C85%26sr%3D8-4-spons%26sp_csd%3Dd2lkZ2V0TmFtZT1zcF9hdGY%26psc%3D1,JSHealth Hydrating Face Oil For Women and Men with Rose Oil & Vitamin E Oil For Skin - Facial Oil for Dry Skin,Sponsored,4.4 out of 5 stars,41,$59.99 ,"FREE delivery Fri, Nov 25 Or fastest delivery Sun, Nov 20||Small Business|Small Business|Small Business|<img alt="""" src=""https://m.media-amazon.com/images/I/111mHoVK0kL._SS200_.png"" height=""50px"" width=""50px""/>  Small Business|<img alt="""" src=""https://m.media-amazon.com/images/I/111mHoVK0kL._SS200_.png"" height=""50px"" width=""50px""/>  Small Business",B09S3Y3KDS,https://m.media-amazon.com/images/I/610oPgUGaRL._AC_UL320_.jpg|https://m.media-amazon.com/images/I/111mHoVK0kL._SS200_.png|
391,https://www.amazon.com/Bio-Oil-2oz-Multiuse-Skincare-Oil/dp/B000VPPUEA/ref=sr_1_5?crid=HDHX3F3NT1QO&keywords=face+oil&qid=1668802670&rdc=1&sprefix=face+oil%2Caps%2C85&sr=8-5,"Bio-Oil Skincare Body Oil with Vitamin E, Serum for Scars and Stretchmarks, Face and Body Moisturizer for Sensitive Dry Skin, Dermatologist Recommended, Non-Comedogenic, For All Skin Types, 2 oz",2 Fl Oz (Pack of 1),4.6 out of 5 stars,"87,253",$8.92 ,"FREE delivery Fri, Nov 25 on $25 of items shipped by AmazonOr fastest delivery Sun, Nov 20|",B000VPPUEA,https://m.media-amazon.com/images/I/71mLurTgAQL._AC_UL320_.jpg
392,https://www.amazon.com/Palmers-Formula-Vitamin-Therapy-Fragrance/dp/B00J1FNW28/ref=sr_1_6?crid=HDHX3F3NT1QO&keywords=face+oil&qid=1668802670&sprefix=face+oil%2Caps%2C85&sr=8-6,"Palmer's Cocoa Butter Formula Moisturizing Skin Therapy Oil for Face with Vitamin E, C & 10 Pure Facial Oil Blend, Rosehip Fragrance, 1 Ounce",1 Fl Oz (Pack of 1),4.6 out of 5 stars,"36,741",$8.99 ,"FREE delivery Thu, Dec 1 on $25 of items shipped by AmazonOr fastest delivery Tue, Nov 22|",B00J1FNW28,https://m.media-amazon.com/images/I/71w2cA-SZjL._AC_UL320_.jpg
393,https://www.amazon.com/USDA-Organic-Jojoba-Oil-Unrefined/dp/B01A74442I/ref=sr_1_7?crid=HDHX3F3NT1QO&keywords=face+oil&qid=1668802670&sprefix=face+oil%2Caps%2C85&sr=8-7,"Cliganic USDA Organic Jojoba Oil, 100% Pure (4oz) | Moisturizing Oil for Face, Hair, Skin & Nails | Natural Cold Pressed Hexane Free",4 Fl Oz (Pack of 1),4.7 out of 5 stars,"52,841",$9.99 ,"FREE delivery Fri, Nov 25 on $25 of items shipped by AmazonOr fastest delivery Sun, Nov 20||Climate Pledge Friendly  Small Business|Climate Pledge Friendly|Climate Pledge Friendly|Small Business|Small Business|<img alt="""" src=""https://m.media-amazon.com/images/I/216-OX9rBaL._SS200_.png"" height=""50px"" width=""50px""/>  Climate Pledge Friendly|<img alt="""" src=""https://m.media-amazon.com/images/I/216-OX9rBaL._SS200_.png"" height=""50px"" width=""50px""/>  Climate Pledge Friendly|<img alt="""" src=""https://m.media-amazon.com/images/I/31P6BHLM8wL._SS200_.png"" height=""50px"" width=""50px""/> USDA Organic|<img alt="""" src=""https://m.media-amazon.com/images/I/31OPjlesFNL._SS200_.png"" height=""50px"" width=""50px""/> EWG Verified|<img alt="""" src=""https://m.media-amazon.com/images/I/111mHoVK0kL._SS200_.png"" height=""50px"" width=""50px""/>  Small Business|<img alt="""" src=""https://m.media-amazon.com/images/I/111mHoVK0kL._SS200_.png"" height=""50px"" width=""50px""/>  Small Business",B01A74442I,https://m.media-amazon.com/images/I/61aoVkMoAwL._AC_UL320_.jpg|https://m.media-amazon.com/images/I/216-OX9rBaL._SS200_.png|https://m.media-amazon.com/images/I/111mHoVK0kL._SS200_.png||||
394,https://www.amazon.com/sspa/click?ie=UTF8&spc=MToyMjA4NTgzNDAyMDA3NTE2OjE2Njg4MDI2NzA6c3Bfc2VhcmNoX3RoZW1hdGljOjIwMDEwNjYyMjc4NjgzMTo6MDo6&url=%2FKORA-Organics-Noni-Glow-Face%2Fdp%2FB07PVNYM4R%2Fref%3Dsxin_13_pa_sp_search_thematic_sspa%3Fcontent-id%3Damzn1.sym.4e7a2229-074e-44de-95c4-9fd858f46295%253Aamzn1.sym.4e7a2229-074e-44de-95c4-9fd858f46295%26crid%3DHDHX3F3NT1QO%26cv_ct_cx%3Dface%2Boil%26keywords%3Dface%2Boil%26pd_rd_i%3DB07PVNYM4R%26pd_rd_r%3D32dae215-a9c1-4cc9-af59-1eda6e405b0e%26pd_rd_w%3D2K6du%26pd_rd_wg%3Djvpf9%26pf_rd_p%3D4e7a2229-074e-44de-95c4-9fd858f46295%26pf_rd_r%3D3FDXXJH4XTDGKTMMJ8CZ%26qid%3D1668802670%26sprefix%3Dface%2Boil%252Caps%252C85%26sr%3D1-1-a73d1c8c-2fd2-4f19-aa41-2df022bcb241-spons%26sp_csd%3Dd2lkZ2V0TmFtZT1zcF9zZWFyY2hfdGhlbWF0aWM%26psc%3D1%26smid%3DA35P2IOE29KI50,KORA Organics - Noni Glow Face Oil - 30mL,Sponsored | Based on star rating and number of customer ratings,4.4 out of 5 stars|4.7 out of 5 stars|4.6 out of 5 stars|4.5 out of 5 stars|4.6 out of 5 stars,"426|395|3,668|892|10,377",$69.00 ,"Climate Pledge Friendly|Climate Pledge Friendly|Climate Pledge Friendly|<img alt="""" src=""https://m.media-amazon.com/images/I/216-OX9rBaL._SS200_.png"" height=""50px"" width=""50px""/>  Climate Pledge Friendly|<img alt="""" src=""https://m.media-amazon.com/images/I/216-OX9rBaL._SS200_.png"" height=""50px"" width=""50px""/>  Climate Pledge Friendly|<img alt="""" src=""https://m.media-amazon.com/images/I/31OPjlesFNL._SS200_.png"" height=""50px"" width=""50px""/> EWG Verified|Climate Pledge Friendly|Climate Pledge Friendly|Climate Pledge Friendly|<img alt="""" src=""https://m.media-amazon.com/images/I/216-OX9rBaL._SS200_.png"" height=""50px"" width=""50px""/>  Climate Pledge Friendly|<img alt="""" src=""https://m.media-amazon.com/images/I/216-OX9rBaL._SS200_.png"" height=""50px"" width=""50px""/>  Climate Pledge Friendly|<img alt="""" src=""https://m.media-amazon.com/images/I/31P6BHLM8wL._SS200_.png"" height=""50px"" width=""50px""/> USDA Organic|Small Business|Small Business|Small Business|<img alt="""" src=""https://m.media-amazon.com/images/I/111mHoVK0kL._SS200_.png"" height=""50px"" width=""50px""/>  Small Business|<img alt="""" src=""https://m.media-amazon.com/images/I/111mHoVK0kL._SS200_.png"" height=""50px"" width=""50px""/>  Small Business|Small Business|Small Business|Small Business|<img alt="""" src=""https://m.media-amazon.com/images/I/111mHoVK0kL._SS200_.png"" height=""50px"" width=""50px""/>  Small Business|<img alt="""" src=""https://m.media-amazon.com/images/I/111mHoVK0kL._SS200_.png"" height=""50px"" width=""50px""/>  Small Business",,https://m.media-amazon.com/images/I/61K0pqHTozL._AC_UL320_.jpg|https://m.media-amazon.com/images/I/216-OX9rBaL._SS200_.png|||https://m.media-amazon.com/images/I/61QqMf+TWnL._AC_UL320_.jpg|https://m.media-amazon.com/images/I/71Pl8w7hsBL._AC_UL320_.jpg|https://m.media-amazon.com/images/I/216-OX9rBaL._SS200_.png|||https://m.media-amazon.com/images/I/714QZPnvDiL._AC_UL320_.jpg|https://m.media-amazon.com/images/I/111mHoVK0kL._SS200_.png||https://m.media-amazon.com/images/I/61oE76MbK0L._AC_UL320_.jpg|https://m.media-amazon.com/images/I/111mHoVK0kL._SS200_.png|
395,https://www.amazon.com/sspa/click?ie=UTF8&spc=MToyMjA4NTgzNDAyMDA3NTE2OjE2Njg4MDI2NzA6c3Bfc2VhcmNoX3RoZW1hdGljOjIwMDEwNjYyMjc4NjgzMTo6MDo6&url=%2FKORA-Organics-Noni-Glow-Face%2Fdp%2FB07PVNYM4R%2Fref%3Dsxin_13_pa_sp_search_thematic_sspa%3Fcontent-id%3Damzn1.sym.4e7a2229-074e-44de-95c4-9fd858f46295%253Aamzn1.sym.4e7a2229-074e-44de-95c4-9fd858f46295%26crid%3DHDHX3F3NT1QO%26cv_ct_cx%3Dface%2Boil%26keywords%3Dface%2Boil%26pd_rd_i%3DB07PVNYM4R%26pd_rd_r%3D32dae215-a9c1-4cc9-af59-1eda6e405b0e%26pd_rd_w%3D2K6du%26pd_rd_wg%3Djvpf9%26pf_rd_p%3D4e7a2229-074e-44de-95c4-9fd858f46295%26pf_rd_r%3D3FDXXJH4XTDGKTMMJ8CZ%26qid%3D1668802670%26sprefix%3Dface%2Boil%252Caps%252C85%26sr%3D1-1-a73d1c8c-2fd2-4f19-aa41-2df022bcb241-spons%26sp_csd%3Dd2lkZ2V0TmFtZT1zcF9zZWFyY2hfdGhlbWF0aWM%26psc%3D1%26smid%3DA35P2IOE29KI50,KORA Organics - Noni Glow Face Oil - 30mL,1.01 Fl Oz (Pack of 1),4.4 out of 5 stars,426,$69.00 ,"Climate Pledge Friendly|Climate Pledge Friendly|Climate Pledge Friendly|<img alt="""" src=""https://m.media-amazon.com/images/I/216-OX9rBaL._SS200_.png"" height=""50px"" width=""50px""/>  Climate Pledge Friendly|<img alt="""" src=""https://m.media-amazon.com/images/I/216-OX9rBaL._SS200_.png"" height=""50px"" width=""50px""/>  Climate Pledge Friendly|<img alt="""" src=""https://m.media-amazon.com/images/I/31OPjlesFNL._SS200_.png"" height=""50px"" width=""50px""/> EWG Verified",B07PVNYM4R,https://m.media-amazon.com/images/I/61K0pqHTozL._AC_UL320_.jpg|https://m.media-amazon.com/images/I/216-OX9rBaL._SS200_.png||
396,https://www.amazon.com/sspa/click?ie=UTF8&spc=MToyMjA4NTgzNDAyMDA3NTE2OjE2Njg4MDI2NzA6c3Bfc2VhcmNoX3RoZW1hdGljOjIwMDAzNjI5MjM5ODI5ODo6MTo6&url=%2FMurad-Multi-Vitamin-Infusion-Oil-Revolutionary%2Fdp%2FB0035I768S%2Fref%3Dsxin_13_pa_sp_search_thematic_sspa%3Fcontent-id%3Damzn1.sym.4e7a2229-074e-44de-95c4-9fd858f46295%253Aamzn1.sym.4e7a2229-074e-44de-95c4-9fd858f46295%26crid%3DHDHX3F3NT1QO%26cv_ct_cx%3Dface%2Boil%26keywords%3Dface%2Boil%26pd_rd_i%3DB0035I768S%26pd_rd_r%3D32dae215-a9c1-4cc9-af59-1eda6e405b0e%26pd_rd_w%3D2K6du%26pd_rd_wg%3Djvpf9%26pf_rd_p%3D4e7a2229-074e-44de-95c4-9fd858f46295%26pf_rd_r%3D3FDXXJH4XTDGKTMMJ8CZ%26qid%3D1668802670%26sprefix%3Dface%2Boil%252Caps%252C85%26sr%3D1-2-a73d1c8c-2fd2-4f19-aa41-2df022bcb241-spons%26sp_csd%3Dd2lkZ2V0TmFtZT1zcF9zZWFyY2hfdGhlbWF0aWM%26psc%3D1,Murad Multi-Vitamin Infusion Facial Oil - Instantly Absorbs and Hydrates with Vitamins A-F - Anti-Aging Skin Treatment Backed by Science,1 Fl Oz (Pack of 1),4.7 out of 5 stars,395,$79.00 ,,B0035I768S,https://m.media-amazon.com/images/I/61QqMf+TWnL._AC_UL320_.jpg
397,https://www.amazon.com/sspa/click?ie=UTF8&spc=MToyMjA4NTgzNDAyMDA3NTE2OjE2Njg4MDI2NzA6c3Bfc2VhcmNoX3RoZW1hdGljOjIwMDA3MTMyNzMxOTA5ODo6Mjo6&url=%2FOrganics-Eucalyptus-Essential-Therapeutic-Aromatherapy%2Fdp%2FB071LQFHPY%2Fref%3Dsxin_13_pa_sp_search_thematic_sspa%3Fcontent-id%3Damzn1.sym.4e7a2229-074e-44de-95c4-9fd858f46295%253Aamzn1.sym.4e7a2229-074e-44de-95c4-9fd858f46295%26crid%3DHDHX3F3NT1QO%26cv_ct_cx%3Dface%2Boil%26keywords%3Dface%2Boil%26pd_rd_i%3DB071LQFHPY%26pd_rd_r%3D32dae215-a9c1-4cc9-af59-1eda6e405b0e%26pd_rd_w%3D2K6du%26pd_rd_wg%3Djvpf9%26pf_rd_p%3D4e7a2229-074e-44de-95c4-9fd858f46295%26pf_rd_r%3D3FDXXJH4XTDGKTMMJ8CZ%26qid%3D1668802670%26sprefix%3Dface%2Boil%252Caps%252C85%26sr%3D1-3-a73d1c8c-2fd2-4f19-aa41-2df022bcb241-spons%26sp_csd%3Dd2lkZ2V0TmFtZT1zcF9zZWFyY2hfdGhlbWF0aWM%26psc%3D1,"SVA Organics Eucalyptus Essential Oil Organic 4 Oz USDA with Dropper 100% Pure Natural Undiluted Premium Therapeutic Grade Oil for Diffuser, Aromatherapy, Face, Body & Hair Care",4 Fl Oz (Pack of 1),4.6 out of 5 stars,"3,668",$14.99 ,"Climate Pledge Friendly|Climate Pledge Friendly|Climate Pledge Friendly|<img alt="""" src=""https://m.media-amazon.com/images/I/216-OX9rBaL._SS200_.png"" height=""50px"" width=""50px""/>  Climate Pledge Friendly|<img alt="""" src=""https://m.media-amazon.com/images/I/216-OX9rBaL._SS200_.png"" height=""50px"" width=""50px""/>  Climate Pledge Friendly|<img alt="""" src=""https://m.media-amazon.com/images/I/31P6BHLM8wL._SS200_.png"" height=""50px"" width=""50px""/> USDA Organic",B071LQFHPY,https://m.media-amazon.com/images/I/71Pl8w7hsBL._AC_UL320_.jpg|https://m.media-amazon.com/images/I/216-OX9rBaL._SS200_.png||
398,https://www.amazon.com/sspa/click?ie=UTF8&spc=MToyMjA4NTgzNDAyMDA3NTE2OjE2Njg4MDI2NzA6c3Bfc2VhcmNoX3RoZW1hdGljOjIwMDA1MjQ3ODcwMDc5ODo6Mzo6&url=%2FVirgin-Marula-Face-Unrefined-Organic%2Fdp%2FB082DR6FZN%2Fref%3Dsxin_13_pa_sp_search_thematic_sspa%3Fcontent-id%3Damzn1.sym.4e7a2229-074e-44de-95c4-9fd858f46295%253Aamzn1.sym.4e7a2229-074e-44de-95c4-9fd858f46295%26crid%3DHDHX3F3NT1QO%26cv_ct_cx%3Dface%2Boil%26keywords%3Dface%2Boil%26pd_rd_i%3DB082DR6FZN%26pd_rd_r%3D32dae215-a9c1-4cc9-af59-1eda6e405b0e%26pd_rd_w%3D2K6du%26pd_rd_wg%3Djvpf9%26pf_rd_p%3D4e7a2229-074e-44de-95c4-9fd858f46295%26pf_rd_r%3D3FDXXJH4XTDGKTMMJ8CZ%26qid%3D1668802670%26sprefix%3Dface%2Boil%252Caps%252C85%26sr%3D1-4-a73d1c8c-2fd2-4f19-aa41-2df022bcb241-spons%26sp_csd%3Dd2lkZ2V0TmFtZT1zcF9zZWFyY2hfdGhlbWF0aWM%26psc%3D1,"Naturium Virgin Marula Face Oil 100%, With Unrefined Organic Marula Oil, Hydrating & Lightweight, 1 oz",1 Fl Oz (Pack of 1),4.5 out of 5 stars,892,$15.99 ,"Small Business|Small Business|Small Business|<img alt="""" src=""https://m.media-amazon.com/images/I/111mHoVK0kL._SS200_.png"" height=""50px"" width=""50px""/>  Small Business|<img alt="""" src=""https://m.media-amazon.com/images/I/111mHoVK0kL._SS200_.png"" height=""50px"" width=""50px""/>  Small Business",B082DR6FZN,https://m.media-amazon.com/images/I/714QZPnvDiL._AC_UL320_.jpg|https://m.media-amazon.com/images/I/111mHoVK0kL._SS200_.png|
399,https://www.amazon.com/sspa/click?ie=UTF8&spc=MToyMjA4NTgzNDAyMDA3NTE2OjE2Njg4MDI2NzA6c3Bfc2VhcmNoX3RoZW1hdGljOjIwMDAyMjkxMDg5NzU0MTo6NDo6&url=%2FRejuveNaturals-100-Pure-Natural-Vitamin%2Fdp%2FB07N2HZ2LW%2Fref%3Dsxin_13_pa_sp_search_thematic_sspa%3Fcontent-id%3Damzn1.sym.4e7a2229-074e-44de-95c4-9fd858f46295%253Aamzn1.sym.4e7a2229-074e-44de-95c4-9fd858f46295%26crid%3DHDHX3F3NT1QO%26cv_ct_cx%3Dface%2Boil%26keywords%3Dface%2Boil%26pd_rd_i%3DB07N2HZ2LW%26pd_rd_r%3D32dae215-a9c1-4cc9-af59-1eda6e405b0e%26pd_rd_w%3D2K6du%26pd_rd_wg%3Djvpf9%26pf_rd_p%3D4e7a2229-074e-44de-95c4-9fd858f46295%26pf_rd_r%3D3FDXXJH4XTDGKTMMJ8CZ%26qid%3D1668802670%26sprefix%3Dface%2Boil%252Caps%252C85%26sr%3D1-5-a73d1c8c-2fd2-4f19-aa41-2df022bcb241-spons%26sp_csd%3Dd2lkZ2V0TmFtZT1zcF9zZWFyY2hfdGhlbWF0aWM%26psc%3D1,"Vitamin E Oil - 100% Pure & Natural, 42,900 IU. Visibly Reduce the Look of Scars, Stretch Marks, Dark Spots & Wrinkles for Moisturized & Youthful Skin. d-alpha tocopherol (1 Fl Oz)",1 Fl Oz (Pack of 1),4.6 out of 5 stars,"10,377",$24.97 ,"Small Business|Small Business|Small Business|<img alt="""" src=""https://m.media-amazon.com/images/I/111mHoVK0kL._SS200_.png"" height=""50px"" width=""50px""/>  Small Business|<img alt="""" src=""https://m.media-amazon.com/images/I/111mHoVK0kL._SS200_.png"" height=""50px"" width=""50px""/>  Small Business",B07N2HZ2LW,https://m.media-amazon.com/images/I/61oE76MbK0L._AC_UL320_.jpg|https://m.media-amazon.com/images/I/111mHoVK0kL._SS200_.png|
400,https://www.amazon.com/sspa/click?ie=UTF8&spc=MTo2MDEzOTM5NDI5MTcxMTg5OjE2Njg4MDI2NzA6c3Bfc2VhcmNoX3RoZW1hdGljOjIwMDEwNjYyMjc4NjgzMTo6MDo6&url=%2FKORA-Organics-Noni-Glow-Face%2Fdp%2FB07PVNYM4R%2Fref%3Dsxin_14_pa_sp_search_thematic-asin_sspa%3Fcontent-id%3Damzn1.sym.4228d1d7-b9a2-4dcc-9504-1ef42bcf486a%253Aamzn1.sym.4228d1d7-b9a2-4dcc-9504-1ef42bcf486a%26crid%3DHDHX3F3NT1QO%26cv_ct_cx%3Dface%2Boil%26keywords%3Dface%2Boil%26pd_rd_i%3DB07PVNYM4R%26pd_rd_r%3D32dae215-a9c1-4cc9-af59-1eda6e405b0e%26pd_rd_w%3D4FfBM%26pd_rd_wg%3Djvpf9%26pf_rd_p%3D4228d1d7-b9a2-4dcc-9504-1ef42bcf486a%26pf_rd_r%3D3FDXXJH4XTDGKTMMJ8CZ%26qid%3D1668802670%26sprefix%3Dface%2Boil%252Caps%252C85%26sr%3D1-1-4a643ae4-6005-4b15-bc31-2c5125e2b25b-spons%26sp_csd%3Dd2lkZ2V0TmFtZT1zcF9zZWFyY2hfdGhlbWF0aWM%26psc%3D1%26smid%3DA35P2IOE29KI50,KORA Organics - Noni Glow Face Oil - 30mL,"Shop products with sustainability certifications, as part of our commitment to help preserve the natural world. Time is fleeting.",4.4 out of 5 stars|4.6 out of 5 stars|4.7 out of 5 stars|4.8 out of 5 stars|4.7 out of 5 stars|4.6 out of 5 stars|4.6 out of 5 stars,"426|3,668|52,841|37,028|23,847|23,512|17,656",$69.00 ,"Climate Pledge Friendly|Climate Pledge Friendly|Climate Pledge Friendly|<img alt="""" src=""https://m.media-amazon.com/images/I/216-OX9rBaL._SS200_.png"" height=""50px"" width=""50px""/>  Climate Pledge Friendly|<img alt="""" src=""https://m.media-amazon.com/images/I/216-OX9rBaL._SS200_.png"" height=""50px"" width=""50px""/>  Climate Pledge Friendly|<img alt="""" src=""https://m.media-amazon.com/images/I/31OPjlesFNL._SS200_.png"" height=""50px"" width=""50px""/> EWG Verified|Climate Pledge Friendly|Climate Pledge Friendly|Climate Pledge Friendly|<img alt="""" src=""https://m.media-amazon.com/images/I/216-OX9rBaL._SS200_.png"" height=""50px"" width=""50px""/>  Climate Pledge Friendly|<img alt="""" src=""https://m.media-amazon.com/images/I/216-OX9rBaL._SS200_.png"" height=""50px"" width=""50px""/>  Climate Pledge Friendly|<img alt="""" src=""https://m.media-amazon.com/images/I/31P6BHLM8wL._SS200_.png"" height=""50px"" width=""50px""/> USDA Organic|Climate Pledge Friendly  Small Business|Climate Pledge Friendly|Climate Pledge Friendly|Small Business|Small Business|<img alt="""" src=""https://m.media-amazon.com/images/I/216-OX9rBaL._SS200_.png"" height=""50px"" width=""50px""/>  Climate Pledge Friendly|<img alt="""" src=""https://m.media-amazon.com/images/I/216-OX9rBaL._SS200_.png"" height=""50px"" width=""50px""/>  Climate Pledge Friendly|<img alt="""" src=""https://m.media-amazon.com/images/I/31P6BHLM8wL._SS200_.png"" height=""50px"" width=""50px""/> USDA Organic|<img alt="""" src=""https://m.media-amazon.com/images/I/31OPjlesFNL._SS200_.png"" height=""50px"" width=""50px""/> EWG Verified|<img alt="""" src=""https://m.media-amazon.com/images/I/111mHoVK0kL._SS200_.png"" height=""50px"" width=""50px""/>  Small Business|<img alt="""" src=""https://m.media-amazon.com/images/I/111mHoVK0kL._SS200_.png"" height=""50px"" width=""50px""/>  Small Business|Climate Pledge Friendly|Climate Pledge Friendly|Climate Pledge Friendly|<img alt="""" src=""https://m.media-amazon.com/images/I/216-OX9rBaL._SS200_.png"" height=""50px"" width=""50px""/>  Climate Pledge Friendly|<img alt="""" src=""https://m.media-amazon.com/images/I/216-OX9rBaL._SS200_.png"" height=""50px"" width=""50px""/>  Climate Pledge Friendly|<img alt="""" src=""https://m.media-amazon.com/images/I/31P6BHLM8wL._SS200_.png"" height=""50px"" width=""50px""/> USDA Organic|Climate Pledge Friendly  Small Business|Climate Pledge Friendly|Climate Pledge Friendly|Small Business|Small Business|<img alt="""" src=""https://m.media-amazon.com/images/I/216-OX9rBaL._SS200_.png"" height=""50px"" width=""50px""/>  Climate Pledge Friendly|<img alt="""" src=""https://m.media-amazon.com/images/I/216-OX9rBaL._SS200_.png"" height=""50px"" width=""50px""/>  Climate Pledge Friendly|<img alt="""" src=""https://m.media-amazon.com/images/I/31P6BHLM8wL._SS200_.png"" height=""50px"" width=""50px""/> USDA Organic|<img alt="""" src=""https://m.media-amazon.com/images/I/111mHoVK0kL._SS200_.png"" height=""50px"" width=""50px""/>  Small Business|<img alt="""" src=""https://m.media-amazon.com/images/I/111mHoVK0kL._SS200_.png"" height=""50px"" width=""50px""/>  Small Business|Climate Pledge Friendly  Small Business|Climate Pledge Friendly|Climate Pledge Friendly|Small Business|Small Business|<img alt="""" src=""https://m.media-amazon.com/images/I/216-OX9rBaL._SS200_.png"" height=""50px"" width=""50px""/>  Climate Pledge Friendly|<img alt="""" src=""https://m.media-amazon.com/images/I/216-OX9rBaL._SS200_.png"" height=""50px"" width=""50px""/>  Climate Pledge Friendly|<img alt="""" src=""https://m.media-amazon.com/images/I/31P6BHLM8wL._SS200_.png"" height=""50px"" width=""50px""/> USDA Organic|<img alt="""" src=""https://m.media-amazon.com/images/I/31OPjlesFNL._SS200_.png"" height=""50px"" width=""50px""/> EWG Verified|<img alt="""" src=""https://m.media-amazon.com/images/I/111mHoVK0kL._SS200_.png"" height=""50px"" width=""50px""/>  Small Business|<img alt="""" src=""https://m.media-amazon.com/images/I/111mHoVK0kL._SS200_.png"" height=""50px"" width=""50px""/>  Small Business|Climate Pledge Friendly  Small Business|Climate Pledge Friendly|Climate Pledge Friendly|Small Business|Small Business|<img alt="""" src=""https://m.media-amazon.com/images/I/216-OX9rBaL._SS200_.png"" height=""50px"" width=""50px""/>  Climate Pledge Friendly|<img alt="""" src=""https://m.media-amazon.com/images/I/216-OX9rBaL._SS200_.png"" height=""50px"" width=""50px""/>  Climate Pledge Friendly|<img alt="""" src=""https://m.media-amazon.com/images/I/31P6BHLM8wL._SS200_.png"" height=""50px"" width=""50px""/> USDA Organic|<img alt="""" src=""https://m.media-amazon.com/images/I/31OPjlesFNL._SS200_.png"" height=""50px"" width=""50px""/> EWG Verified|<img alt="""" src=""https://m.media-amazon.com/images/I/111mHoVK0kL._SS200_.png"" height=""50px"" width=""50px""/>  Small Business|<img alt="""" src=""https://m.media-amazon.com/images/I/111mHoVK0kL._SS200_.png"" height=""50px"" width=""50px""/>  Small Business",,https://m.media-amazon.com/images/I/61K0pqHTozL._AC_UL320_.jpg|https://m.media-amazon.com/images/I/216-OX9rBaL._SS200_.png|||https://m.media-amazon.com/images/I/71Pl8w7hsBL._AC_UL320_.jpg|https://m.media-amazon.com/images/I/216-OX9rBaL._SS200_.png|||https://m.media-amazon.com/images/I/61aoVkMoAwL._AC_UL320_.jpg|https://m.media-amazon.com/images/I/216-OX9rBaL._SS200_.png|https://m.media-amazon.com/images/I/111mHoVK0kL._SS200_.png|||||https://m.media-amazon.com/images/I/61JarGmGjlL._AC_UL320_.jpg|https://m.media-amazon.com/images/I/216-OX9rBaL._SS200_.png|||https://m.media-amazon.com/images/I/71wcaI27KGL._AC_UL320_.jpg|https://m.media-amazon.com/images/I/216-OX9rBaL._SS200_.png|https://m.media-amazon.com/images/I/111mHoVK0kL._SS200_.png||||https://m.media-amazon.com/images/I/61zvJzFKe+L._AC_UL320_.jpg|https://m.media-amazon.com/images/I/216-OX9rBaL._SS200_.png|https://m.media-amazon.com/images/I/111mHoVK0kL._SS200_.png|||||https://m.media-amazon.com/images/I/71lFmeR1u7L._AC_UL320_.jpg|https://m.media-amazon.com/images/I/216-OX9rBaL._SS200_.png|https://m.media-amazon.com/images/I/111mHoVK0kL._SS200_.png||||
401,https://aax-us-iad.amazon.com/x/c/RAJ4mmvHtZZ-Hl2F-JSkobIAAAGEjGPwuwEAAAH2AQBOL0EgICAgICAgICAgICBOL0EgICAgICAgICAgICCyh8Jo/https://www.amazon.com/dp/B07658MRWW?pd_rd_i=B07658MRWW&pf_rd_p=b000e0a0-9e93-480f-bf78-a83c8136dfcb&pf_rd_r=3FDXXJH4XTDGKTMMJ8CZ&pd_rd_wg=jvpf9&pd_rd_w=fy38W&pd_rd_r=32dae215-a9c1-4cc9-af59-1eda6e405b0e,"Biossance 100% Squalane Oil. Sustainable, Pure and Vegan Facial and Body Squalane Oil Derived from Sugarcane. Weightless and Fast Absorbing Hydration (3.3 ounces)",Sponsored,4.6 out of 5 stars,786,$30.47 ,FREE delivery Nov 23 - 29 Or fastest delivery Nov 21 - 22,,
403,https://www.amazon.com/Organic-Unrefined-Certified-Cliganic-Warranty/dp/B07G14PWZN/ref=sr_1_8?crid=HDHX3F3NT1QO&keywords=face+oil&qid=1668802670&sprefix=face+oil%2Caps%2C85&sr=8-8,"Cliganic USDA Organic Rosehip Seed Oil for Face, 100% Pure | Natural Cold Pressed Unrefined Non-GMO | Carrier Oil for Skin, Hair & Nails",1 Fl Oz (Pack of 1),4.6 out of 5 stars,"17,656",$9.99 ,"FREE delivery Fri, Nov 25 on $25 of items shipped by AmazonOr fastest delivery Sun, Nov 20||Climate Pledge Friendly  Small Business|Climate Pledge Friendly|Climate Pledge Friendly|Small Business|Small Business|<img alt="""" src=""https://m.media-amazon.com/images/I/216-OX9rBaL._SS200_.png"" height=""50px"" width=""50px""/>  Climate Pledge Friendly|<img alt="""" src=""https://m.media-amazon.com/images/I/216-OX9rBaL._SS200_.png"" height=""50px"" width=""50px""/>  Climate Pledge Friendly|<img alt="""" src=""https://m.media-amazon.com/images/I/31P6BHLM8wL._SS200_.png"" height=""50px"" width=""50px""/> USDA Organic|<img alt="""" src=""https://m.media-amazon.com/images/I/31OPjlesFNL._SS200_.png"" height=""50px"" width=""50px""/> EWG Verified|<img alt="""" src=""https://m.media-amazon.com/images/I/111mHoVK0kL._SS200_.png"" height=""50px"" width=""50px""/>  Small Business|<img alt="""" src=""https://m.media-amazon.com/images/I/111mHoVK0kL._SS200_.png"" height=""50px"" width=""50px""/>  Small Business",B07G14PWZN,https://m.media-amazon.com/images/I/71lFmeR1u7L._AC_UL320_.jpg|https://m.media-amazon.com/images/I/216-OX9rBaL._SS200_.png|https://m.media-amazon.com/images/I/111mHoVK0kL._SS200_.png||||
404,https://www.amazon.com/l-f-Nourishing-Face-57130-0-507/dp/B07MWTGQ97/ref=sr_1_9?crid=HDHX3F3NT1QO&keywords=face+oil&qid=1668802670&sprefix=face+oil%2Caps%2C85&sr=8-9,"e.l.f. SKIN Nourishing Facial Oil, Moisturizing & Nourishing Formula, Infused With Rosehip Seed Oil & Jojoba Oil, Vegan & Cruelty-Free, 0.507 Fl Oz",0.5 Fl Oz (Pack of 1),4.5 out of 5 stars,"1,374",$11.00 ,"FREE delivery Fri, Nov 25 on $25 of items shipped by AmazonOr fastest delivery Wed, Nov 23|",B07MWTGQ97,https://m.media-amazon.com/images/I/41MXfYcrvJL._AC_UL320_.jpg
405,https://www.amazon.com/Pearlessence-Rosehip-Vitamin-Balancing-Facial/dp/B07HJK399P/ref=sr_1_10?crid=HDHX3F3NT1QO&keywords=face+oil&qid=1668802670&sprefix=face+oil%2Caps%2C85&sr=8-10,Pearlessence Rosehip Balancing Facial Oil + Rosehip Fruit Oil & Vitamin C | Daily Hydration to Help Balance & Revive Skin | Made in USA & Cruelty Free,1.83 Fl Oz (Pack of 1),4.5 out of 5 stars,"2,657",$12.99 ,"FREE delivery Fri, Nov 25 on $25 of items shipped by AmazonOr fastest delivery Sun, Nov 20|",B07HJK399P,https://m.media-amazon.com/images/I/41LIuZLS3CL._AC_UL320_.jpg
406,https://www.amazon.com/Shea-Moisture-Coconut-Hydration-Overnight/dp/B0727WY21S/ref=sr_1_11?crid=HDHX3F3NT1QO&keywords=face+oil&qid=1668802670&sprefix=face+oil%2Caps%2C85&sr=8-11,SheaMoisture Overnight Face Oil for All Skin Types 100% Virgin Coconut Oil for Daily Hydration 1 oz,1 Fl Oz (Pack of 1),4.5 out of 5 stars,"2,503",$8.41 ,FREE delivery on $25 shipped by Amazon.,B0727WY21S,https://m.media-amazon.com/images/I/71Bx1Qwhp4L._AC_UL320_.jpg
407,https://www.amazon.com/hers-Effortless-Glow-Face-Oil/dp/B09XWW6GH9/ref=sr_1_12?crid=HDHX3F3NT1QO&keywords=face+oil&qid=1668802670&sprefix=face+oil%2Caps%2C85&sr=8-12,"hers Effortless Glow Face Oil - Anti Aging Facial Oil for Glowing Skin - Softens, Hydrates, Smoothes Wrinkles - Contains Jojoba Oil, Tea Tree Oil, Rosehip - 1 fl Oz",1 Fl Oz (Pack of 1),4.1 out of 5 stars,38,$17.59 ,"FREE delivery Tue, Nov 29 on $25 of items shipped by AmazonOr fastest delivery Mon, Nov 21|",B09XWW6GH9,https://m.media-amazon.com/images/I/71ERyt-eZWL._AC_UL320_.jpg
408,https://www.amazon.com/Drunk-Elephant-Virgin-Marula-Luxury/dp/B0764N3QN1/ref=sr_1_13?crid=HDHX3F3NT1QO&keywords=face+oil&qid=1668802670&sprefix=face+oil%2Caps%2C85&sr=8-13,Drunk Elephant Virgin Marula Luxury Facial Oil - Vegan Anti-Aging Skin Care and Face Moisturizer - 15 Milliliters/0.5 Ounce,0.5 Fl Oz (Pack of 1),4.6 out of 5 stars,"1,852",$19.98 ,"FREE delivery Nov 23 - 29 Or fastest delivery Nov 22 - 23|Small Business|Small Business|Small Business|<img alt="""" src=""https://m.media-amazon.com/images/I/111mHoVK0kL._SS200_.png"" height=""50px"" width=""50px""/>  Small Business|<img alt="""" src=""https://m.media-amazon.com/images/I/111mHoVK0kL._SS200_.png"" height=""50px"" width=""50px""/>  Small Business",B0764N3QN1,https://m.media-amazon.com/images/I/41sE7-LqvnL._AC_UL320_.jpg|https://m.media-amazon.com/images/I/111mHoVK0kL._SS200_.png|
409,https://www.amazon.com/Burts-Bees-Complete-Nourishment-Anti-Aging/dp/B01MXHNIA6/ref=sr_1_14?crid=HDHX3F3NT1QO&keywords=face+oil&qid=1668802670&sprefix=face+oil%2Caps%2C85&sr=8-14,"Face Oil, Burt's Bees Hydrating & Anti-Aging Facial Care, 0.05 fl oz Ounce (Packaging May Vary)",1 Count,4.4 out of 5 stars,"8,677",$17.20 ,"FREE delivery Fri, Nov 25 on $25 of items shipped by AmazonOr fastest delivery Sun, Nov 20|",B01MXHNIA6,https://m.media-amazon.com/images/I/61V3okeiVLS._AC_UL320_.jpg
410,https://www.amazon.com/Virgin-Marula-Face-Unrefined-Organic/dp/B082DR6FZN/ref=sr_1_15?crid=HDHX3F3NT1QO&keywords=face+oil&qid=1668802670&sprefix=face+oil%2Caps%2C85&sr=8-15,"Naturium Virgin Marula Face Oil 100%, With Unrefined Organic Marula Oil, Hydrating & Lightweight, 1 oz",1 Fl Oz (Pack of 1),4.5 out of 5 stars,892,$15.99 ,"FREE delivery Fri, Nov 25 on $25 of items shipped by AmazonOr fastest delivery Sun, Nov 20||Small Business|Small Business|Small Business|<img alt="""" src=""https://m.media-amazon.com/images/I/111mHoVK0kL._SS200_.png"" height=""50px"" width=""50px""/>  Small Business|<img alt="""" src=""https://m.media-amazon.com/images/I/111mHoVK0kL._SS200_.png"" height=""50px"" width=""50px""/>  Small Business",B082DR6FZN,https://m.media-amazon.com/images/I/714QZPnvDiL._AC_UL320_.jpg|https://m.media-amazon.com/images/I/111mHoVK0kL._SS200_.png|
411,https://www.amazon.com/Sunday-Riley-Glow-Vitamin-Turmeric/dp/B07NYH9H9V/ref=sr_1_16?crid=HDHX3F3NT1QO&keywords=face+oil&qid=1668802670&sprefix=face+oil%2Caps%2C85&sr=8-16,Sunday Riley C.E.O. Glow Vitamin C & Turmeric Face Oil,0.5 Fl Oz (Pack of 1),4.5 out of 5 stars,"3,372",$40.00 ,"FREE delivery Fri, Nov 25 Or fastest delivery Sun, Nov 20|",B07NYH9H9V,https://m.media-amazon.com/images/I/51n8PCddVjL._AC_UL320_.jpg
412,https://www.amazon.com/sspa/click?ie=UTF8&spc=MTo1MjA5NDgwNTk2NzQ4NjExOjE2Njg4MDI2NzA6c3BfbXRmOjIwMDAyMjY4NzczOTEzMTo6MDo6&url=%2FMountain-Top-Organic-Pressed-Unrefined%2Fdp%2FB07YWT34VD%2Fref%3Dsr_1_17_sspa%3Fcrid%3DHDHX3F3NT1QO%26keywords%3Dface%2Boil%26qid%3D1668802670%26sprefix%3Dface%2Boil%252Caps%252C85%26sr%3D8-17-spons%26sp_csd%3Dd2lkZ2V0TmFtZT1zcF9tdGY%26psc%3D1,"MOUNTAIN TOP Argan Oil USDA Organic 100% Pure Cold Pressed Unrefined - Premium Grade Pure Moisturizer for Dry & Damaged Skin, Hair, Face, Body, Scalp & Nails",Featured from our brands,4.5 out of 5 stars,874,$9.74 ,"FREE delivery on $25 shipped by Amazon.|Climate Pledge Friendly|Climate Pledge Friendly|Climate Pledge Friendly|<img alt="""" src=""https://m.media-amazon.com/images/I/216-OX9rBaL._SS200_.png"" height=""50px"" width=""50px""/>  Climate Pledge Friendly|<img alt="""" src=""https://m.media-amazon.com/images/I/216-OX9rBaL._SS200_.png"" height=""50px"" width=""50px""/>  Climate Pledge Friendly|<img alt="""" src=""https://m.media-amazon.com/images/I/31P6BHLM8wL._SS200_.png"" height=""50px"" width=""50px""/> USDA Organic",B07YWT34VD,https://m.media-amazon.com/images/I/51-sqlzSlhL._AC_UL320_.jpg|https://m.media-amazon.com/images/I/216-OX9rBaL._SS200_.png||
413,https://www.amazon.com/sspa/click?ie=UTF8&spc=MTo1MjA5NDgwNTk2NzQ4NjExOjE2Njg4MDI2NzA6c3BfbXRmOjIwMDAyODMzNjQ1NTE5ODo6MDo6&url=%2FUSDA-Organic-Jojoba-Oil-Unrefined%2Fdp%2FB01A74442I%2Fref%3Dsr_1_18_sspa%3Fcrid%3DHDHX3F3NT1QO%26keywords%3Dface%2Boil%26qid%3D1668802670%26sprefix%3Dface%2Boil%252Caps%252C85%26sr%3D8-18-spons%26sp_csd%3Dd2lkZ2V0TmFtZT1zcF9tdGY%26psc%3D1,"Cliganic USDA Organic Jojoba Oil, 100% Pure (4oz) | Moisturizing Oil for Face, Hair, Skin & Nails | Natural Cold Pressed Hexane Free",Sponsored,4.7 out of 5 stars,"52,841",$9.99 ,"FREE delivery Fri, Nov 25 on $25 of items shipped by AmazonOr fastest delivery Sun, Nov 20||Climate Pledge Friendly  Small Business|Climate Pledge Friendly|Climate Pledge Friendly|Small Business|Small Business|<img alt="""" src=""https://m.media-amazon.com/images/I/216-OX9rBaL._SS200_.png"" height=""50px"" width=""50px""/>  Climate Pledge Friendly|<img alt="""" src=""https://m.media-amazon.com/images/I/216-OX9rBaL._SS200_.png"" height=""50px"" width=""50px""/>  Climate Pledge Friendly|<img alt="""" src=""https://m.media-amazon.com/images/I/31P6BHLM8wL._SS200_.png"" height=""50px"" width=""50px""/> USDA Organic|<img alt="""" src=""https://m.media-amazon.com/images/I/31OPjlesFNL._SS200_.png"" height=""50px"" width=""50px""/> EWG Verified|<img alt="""" src=""https://m.media-amazon.com/images/I/111mHoVK0kL._SS200_.png"" height=""50px"" width=""50px""/>  Small Business|<img alt="""" src=""https://m.media-amazon.com/images/I/111mHoVK0kL._SS200_.png"" height=""50px"" width=""50px""/>  Small Business",B01A74442I,https://m.media-amazon.com/images/I/61aoVkMoAwL._AC_UL320_.jpg|https://m.media-amazon.com/images/I/216-OX9rBaL._SS200_.png|https://m.media-amazon.com/images/I/111mHoVK0kL._SS200_.png||||
414,https://www.amazon.com/sspa/click?ie=UTF8&spc=MTo1MjA5NDgwNTk2NzQ4NjExOjE2Njg4MDI2NzA6c3BfbXRmOjIwMDA2NjM5NTI2MzA5ODo6MDo6&url=%2FPURA-DOR-Organic-Certified-Sunflower%2Fdp%2FB07RCLLRNH%2Fref%3Dsr_1_19_sspa%3Fcrid%3DHDHX3F3NT1QO%26keywords%3Dface%2Boil%26qid%3D1668802670%26sprefix%3Dface%2Boil%252Caps%252C85%26sr%3D8-19-spons%26sp_csd%3Dd2lkZ2V0TmFtZT1zcF9tdGY%26psc%3D1,"PURA D'OR Organic Vitamin E Oil (4oz / 118mL) 70,000 IU 100% Pure Natural USDA Organic For Skin Face Hexane Free w/Sweet Almond, Apricot, Jojoba, Argan, Rosehip, Sunflower & Avocado Oil For Bath Body",Sponsored,4.7 out of 5 stars,"7,051",$9.99 ,"FREE delivery on $25 shipped by Amazon.|Climate Pledge Friendly|Climate Pledge Friendly|Climate Pledge Friendly|<img alt="""" src=""https://m.media-amazon.com/images/I/216-OX9rBaL._SS200_.png"" height=""50px"" width=""50px""/>  Climate Pledge Friendly|<img alt="""" src=""https://m.media-amazon.com/images/I/216-OX9rBaL._SS200_.png"" height=""50px"" width=""50px""/>  Climate Pledge Friendly|<img alt="""" src=""https://m.media-amazon.com/images/I/31P6BHLM8wL._SS200_.png"" height=""50px"" width=""50px""/> USDA Organic",B07RCLLRNH,https://m.media-amazon.com/images/I/81vHZR1ietL._AC_UL320_.jpg|https://m.media-amazon.com/images/I/216-OX9rBaL._SS200_.png||
415,https://www.amazon.com/sspa/click?ie=UTF8&spc=MTo1MjA5NDgwNTk2NzQ4NjExOjE2Njg4MDI2NzA6c3BfbXRmOjIwMDA2NzMxMjMyMTY5ODo6MDo6&url=%2FELEMIS-Pro-Collagen-Marine-Anti-wrinkle-Face%2Fdp%2FB0714LK2WT%2Fref%3Dsr_1_20_sspa%3Fcrid%3DHDHX3F3NT1QO%26keywords%3Dface%2Boil%26qid%3D1668802670%26sprefix%3Dface%2Boil%252Caps%252C85%26sr%3D8-20-spons%26sp_csd%3Dd2lkZ2V0TmFtZT1zcF9tdGY%26psc%3D1,"ELEMIS Pro-Collagen Marine Oil | Ultra Lightweight Anti-Wrinkle Daily Face Oil Deeply Moisturizes, Nourishes, and Hydrates for a Youthful Look | 15 mL",Sponsored,4.6 out of 5 stars,352,$84.00 ,"FREE delivery Fri, Nov 25 Or fastest delivery Sun, Nov 20|",B0714LK2WT,https://m.media-amazon.com/images/I/41qKP44SGHS._AC_UL320_.jpg
416,https://www.amazon.com/Palmers-Therapy-Cleansing-Rosehip-Fragrance/dp/B00W2CTHT4/ref=sr_1_21?crid=HDHX3F3NT1QO&keywords=face+oil&qid=1668802670&sprefix=face+oil%2Caps%2C85&sr=8-21,"Palmers Cocoa Butter Skin Therapy Cleansing Oil, Face, Rosehip Fragrance, 6.5 Ounce",6.5 Fl Oz (Pack of 1),4.5 out of 5 stars,"5,968",$9.99 ,"FREE delivery Fri, Nov 25 on $25 of items shipped by AmazonOr fastest delivery Sun, Nov 20|",B00W2CTHT4,https://m.media-amazon.com/images/I/71NzuVokbIL._AC_UL320_.jpg
417,https://www.amazon.com/TruSkin-Naturals-Vitamin-Topical-Hyaluronic/dp/B01M4MCUAF/ref=sr_1_22?crid=HDHX3F3NT1QO&keywords=face+oil&qid=1668802670&sprefix=face+oil%2Caps%2C85&sr=8-22,"TruSkin Vitamin C Serum for Face, Anti Aging Serum with Hyaluronic Acid, Vitamin E, Organic Aloe Vera and Jojoba Oil, Hydrating & Brightening Serum for Dark Spots, Fine Lines and Wrinkles, 1 fl oz",1 Fl Oz (Pack of 1),4.3 out of 5 stars,"115,243",$21.97 ,"FREE delivery Fri, Nov 25 on $25 of items shipped by AmazonOr fastest delivery Sun, Nov 20||Small Business|Small Business|Small Business|<img alt="""" src=""https://m.media-amazon.com/images/I/111mHoVK0kL._SS200_.png"" height=""50px"" width=""50px""/>  Small Business|<img alt="""" src=""https://m.media-amazon.com/images/I/111mHoVK0kL._SS200_.png"" height=""50px"" width=""50px""/>  Small Business",B01M4MCUAF,https://m.media-amazon.com/images/I/612egvp4sdL._AC_UL320_.jpg|https://m.media-amazon.com/images/I/111mHoVK0kL._SS200_.png|
418,https://www.amazon.com/Organic-Lavender-Grapeseed-Vitamin-Moisturizer/dp/B01B12KCGC/ref=sr_1_23?crid=HDHX3F3NT1QO&keywords=face+oil&qid=1668802670&sprefix=face+oil%2Caps%2C85&sr=8-23,"Organic Blend of Olive, Lavender, Almond, Vitamin E and Grapeseed Oils, Day and Night Moisturizer for Dry Skin, Face, Hair, Foot, Leg, Hands, Nail and Cuticle Care, Natural Body Oil for Women and Men",4 Ounce (Pack of 1),4.5 out of 5 stars,"33,136",$14.99 ,"FREE delivery Fri, Nov 25 on $25 of items shipped by AmazonOr fastest delivery Sun, Nov 20||Climate Pledge Friendly  Small Business|Climate Pledge Friendly|Climate Pledge Friendly|Small Business|Small Business|<img alt="""" src=""https://m.media-amazon.com/images/I/216-OX9rBaL._SS200_.png"" height=""50px"" width=""50px""/>  Climate Pledge Friendly|<img alt="""" src=""https://m.media-amazon.com/images/I/216-OX9rBaL._SS200_.png"" height=""50px"" width=""50px""/>  Climate Pledge Friendly|<img alt="""" src=""https://m.media-amazon.com/images/I/51vgBATI8mL._SS200_.jpg"" height=""50px"" width=""50px""/> Climate neutral by ClimatePartner|<img alt="""" src=""https://m.media-amazon.com/images/I/111mHoVK0kL._SS200_.png"" height=""50px"" width=""50px""/>  Small Business|<img alt="""" src=""https://m.media-amazon.com/images/I/111mHoVK0kL._SS200_.png"" height=""50px"" width=""50px""/>  Small Business",B01B12KCGC,https://m.media-amazon.com/images/I/71rlGQ-3nWL._AC_UL320_.jpg|https://m.media-amazon.com/images/I/216-OX9rBaL._SS200_.png|https://m.media-amazon.com/images/I/111mHoVK0kL._SS200_.png|||
419,https://www.amazon.com/Pomegranate-Seed-Skin-Paraben-Horbaach/dp/B07RLPZSRN/ref=sr_1_24?crid=HDHX3F3NT1QO&keywords=face+oil&qid=1668802670&sprefix=face+oil%2Caps%2C85&sr=8-24,"Pomegranate Seed Oil 2 oz | For Face & Hair | Promotes Clear Looking Skin, and Reduces Appearance of Fine Lines and Wrinkles | Non Comedogenic & Cold Pressed | SLS & Paraben Free | By Coera",2 Fl Oz (Pack of 1),4.3 out of 5 stars,659,$5.99 ,"FREE delivery Fri, Nov 25 on $25 of items shipped by AmazonOr fastest delivery Sun, Nov 20|",B07RLPZSRN,https://m.media-amazon.com/images/I/71yZBky5oAL._AC_UL320_.jpg
420,https://www.amazon.com/Farmacy-Honey-Grail-Ultra-Hydrating-Face/dp/B07RY32WZ5/ref=sr_1_25?crid=HDHX3F3NT1QO&keywords=face+oil&qid=1668802670&sprefix=face+oil%2Caps%2C85&sr=8-25,"Farmacy Honey Grail Hydrating Face Oil Moisturizer for Dry Skin, Fine Lines & Wrinkles with Rosehip and Sea Buckthorn Oil",1 Fl Oz (Pack of 1),4.6 out of 5 stars,389,$48.00 ,"FREE delivery Fri, Nov 25 Or fastest delivery Sun, Nov 20||Small Business|Small Business|Small Business|<img alt="""" src=""https://m.media-amazon.com/images/I/111mHoVK0kL._SS200_.png"" height=""50px"" width=""50px""/>  Small Business|<img alt="""" src=""https://m.media-amazon.com/images/I/111mHoVK0kL._SS200_.png"" height=""50px"" width=""50px""/>  Small Business",B07RY32WZ5,https://m.media-amazon.com/images/I/7135Y2WtNtL._AC_UL320_.jpg|https://m.media-amazon.com/images/I/111mHoVK0kL._SS200_.png|
421,https://www.amazon.com/Honest-Beauty-Organic-Facial-Fluid/dp/B07F4614F4/ref=sr_1_26_mod_primary_new?crid=HDHX3F3NT1QO&keywords=face+oil&qid=1668802670&sbo=RZvfv%2F%2FHxDF%2BO5021pAnSA%3D%3D&sprefix=face+oil%2Caps%2C85&sr=8-26,Honest Beauty Organic Beauty Facial Oil with Avocado + Apricot + Jojoba Oil | Dermatologist Tested + Hypoallergenic & Vegan + Cruelty free| 1 fl. oz.,1 Fl Oz (Pack of 1),4.5 out of 5 stars,"1,531|Another way to buy|$29.99$29.99 ($29.99/Fl Oz)|$29.99$29.99 ($29.99/Fl Oz)|($29.99/Fl Oz)|Get 3 for the price of 2|FREE delivery Fri, Nov 25 Or fastest delivery Mon, Nov 21",$25.77 ,"FREE delivery Nov 25 - 29 Or fastest delivery Wed, Nov 23|Climate Pledge Friendly|Climate Pledge Friendly|Climate Pledge Friendly|<img alt="""" src=""https://m.media-amazon.com/images/I/216-OX9rBaL._SS200_.png"" height=""50px"" width=""50px""/>  Climate Pledge Friendly|<img alt="""" src=""https://m.media-amazon.com/images/I/216-OX9rBaL._SS200_.png"" height=""50px"" width=""50px""/>  Climate Pledge Friendly|<img alt="""" src=""https://m.media-amazon.com/images/I/31P6BHLM8wL._SS200_.png"" height=""50px"" width=""50px""/> USDA Organic|FREE delivery Fri, Nov 25 Or fastest delivery Mon, Nov 21|",B07F4614F4,https://m.media-amazon.com/images/I/51Ci4pgk0jL._AC_UL320_.jpg|https://m.media-amazon.com/images/I/216-OX9rBaL._SS200_.png||
422,https://www.amazon.com/Honey-Suckle-Jasmine-Multi-Use-Face/dp/B07JH7DD1H/ref=sr_1_27?crid=HDHX3F3NT1QO&keywords=face+oil&qid=1668802670&sprefix=face+oil%2Caps%2C85&sr=8-27,"Provence Beauty Honey Suckle Jasmine Multi-Use Oil for Face, Body & Hair - Hydrates Skin & Restores Hair's Natural Shine - Enriched with Apricot Oil, Fractionated Coconut Oil & Vitamin E - 4 Fl Oz",4 Fl Oz (Pack of 1),4.5 out of 5 stars,"6,576",$12.95 ,"FREE delivery Fri, Nov 25 on $25 of items shipped by AmazonOr fastest delivery Sun, Nov 20||Small Business|Small Business|Small Business|<img alt="""" src=""https://m.media-amazon.com/images/I/111mHoVK0kL._SS200_.png"" height=""50px"" width=""50px""/>  Small Business|<img alt="""" src=""https://m.media-amazon.com/images/I/111mHoVK0kL._SS200_.png"" height=""50px"" width=""50px""/>  Small Business",B07JH7DD1H,https://m.media-amazon.com/images/I/71fdhqpd4SL._AC_UL320_.jpg|https://m.media-amazon.com/images/I/111mHoVK0kL._SS200_.png|
423,https://www.amazon.com/Scar-Reducer-Squalane-Moisturizer-Wrinkles-Smoother/dp/B098B1TW5F/ref=sr_1_28?crid=HDHX3F3NT1QO&keywords=face+oil&qid=1668802670&sprefix=face+oil%2Caps%2C85&sr=8-28,"Scar-Reducer Squalane + Vitamin E Rosehip Oil Moisturizer for Face Hydrate, Reduce Scars and Stretch Marks, Wrinkles for Smoother, Softer Skin 1 fl. Oz.…",1 Fl Oz (Pack of 1),4.4 out of 5 stars,292,$16.99 ,"FREE delivery Fri, Nov 25 on $25 of items shipped by AmazonOr fastest delivery Sun, Nov 20|",B098B1TW5F,https://m.media-amazon.com/images/I/71eWSVWsAPL._AC_UL320_.jpg
424,https://www.amazon.com/Mad-Hippie-Antioxidant-Facial-Skin/dp/B00CQBOJRQ/ref=sr_1_29?crid=HDHX3F3NT1QO&keywords=face+oil&qid=1668802670&sprefix=face+oil%2Caps%2C85&sr=8-29,"Mad Hippie Antioxidant Facial Oil, 30 Milliliters",1 Fl Oz (Pack of 1),4.8 out of 5 stars,896,$20.79 ,"FREE delivery Fri, Nov 25 on $25 of items shipped by Amazon||Small Business|Small Business|Small Business|<img alt="""" src=""https://m.media-amazon.com/images/I/111mHoVK0kL._SS200_.png"" height=""50px"" width=""50px""/>  Small Business|<img alt="""" src=""https://m.media-amazon.com/images/I/111mHoVK0kL._SS200_.png"" height=""50px"" width=""50px""/>  Small Business",B00CQBOJRQ,https://m.media-amazon.com/images/I/61IcHWTWJmL._AC_UL320_.jpg|https://m.media-amazon.com/images/I/111mHoVK0kL._SS200_.png|
425,https://www.amazon.com/Bio-Oil-4-2oz-Multiuse-Skincare-Oil/dp/B004AI97MA/ref=sr_1_30?crid=HDHX3F3NT1QO&keywords=face+oil&qid=1668802670&rdc=1&sprefix=face+oil%2Caps%2C85&sr=8-30,"Bio-Oil Skincare Body Oil, Serum for Scars and Stretchmarks, Face and Body Moisturizer Dry Skin, Non-Greasy, Dermatologist Recommended, Non-Comedogenic, For All Skin Types, with Vitamin A, E, 4.2 oz",4.2 Fl Oz (Pack of 1),4.6 out of 5 stars,"54,097",$16.00 ,"FREE delivery Fri, Nov 25 on $25 of items shipped by AmazonOr fastest delivery Sun, Nov 20|",B004AI97MA,https://m.media-amazon.com/images/I/81A86nhJ7BL._AC_UL320_.jpg
426,https://www.amazon.com/Acure-Radically-Rejuvenating-Argan-Packaging/dp/B01KU49HEA/ref=sr_1_31?crid=HDHX3F3NT1QO&keywords=face+oil&qid=1668802670&sprefix=face+oil%2Caps%2C85&sr=8-31,"ACURE Radically Rejuvenating Rose Argan Oil | 100% Vegan | Provides Anti-Aging Support | Pure, Cold Pressed & Rich in Vitamin E - Hydrates & Restores | 1 Fl Oz",1 Fl Oz (Pack of 1),4.5 out of 5 stars,"2,178",$11.48 ,"FREE delivery Fri, Nov 25 on $25 of items shipped by AmazonOr fastest delivery Sun, Nov 20||Climate Pledge Friendly|Climate Pledge Friendly|Climate Pledge Friendly|<img alt="""" src=""https://m.media-amazon.com/images/I/216-OX9rBaL._SS200_.png"" height=""50px"" width=""50px""/>  Climate Pledge Friendly|<img alt="""" src=""https://m.media-amazon.com/images/I/216-OX9rBaL._SS200_.png"" height=""50px"" width=""50px""/>  Climate Pledge Friendly|<img alt="""" src=""https://m.media-amazon.com/images/I/31P6BHLM8wL._SS200_.png"" height=""50px"" width=""50px""/> USDA Organic",B01KU49HEA,https://m.media-amazon.com/images/I/71qMJINjMuL._AC_UL320_.jpg|https://m.media-amazon.com/images/I/216-OX9rBaL._SS200_.png||
427,https://www.amazon.com/DHC-Deep-Cleansing-Oil-6-7/dp/B001UE60E0/ref=sr_1_32?crid=HDHX3F3NT1QO&keywords=face+oil&qid=1668802670&sprefix=face+oil%2Caps%2C85&sr=8-32,"DHC Deep Cleansing Oil, Facial Cleansing Oil, Makeup Remover, Cleanses without Clogging Pores, Residue-Free, Fragrance and Colorant Free, All Skin Types, 6.7 fl. oz.",6.7 Fl Oz (Pack of 1),4.7 out of 5 stars,"12,739",$27.39 ,"FREE delivery Fri, Nov 25 Or fastest delivery Sun, Nov 20|",B001UE60E0,https://m.media-amazon.com/images/I/61rZZgJWt8L._AC_UL320_.jpg
428,https://www.amazon.com/sspa/click?ie=UTF8&spc=MTo1MjA5NDgwNTk2NzQ4NjExOjE2Njg4MDI2NzA6c3BfbXRmOjIwMDA4OTcyMTM3NzE5ODo6MDo6&url=%2FTruSkin-Naturals-Vitamin-Topical-Hyaluronic%2Fdp%2FB01M4MCUAF%2Fref%3Dsr_1_33_sspa%3Fcrid%3DHDHX3F3NT1QO%26keywords%3Dface%2Boil%26qid%3D1668802670%26sprefix%3Dface%2Boil%252Caps%252C85%26sr%3D8-33-spons%26sp_csd%3Dd2lkZ2V0TmFtZT1zcF9tdGY%26psc%3D1%26smid%3DA3PYXGO7OVEV2N,"TruSkin Vitamin C Serum for Face, Anti Aging Serum with Hyaluronic Acid, Vitamin E, Organic Aloe Vera and Jojoba Oil, Hydrating & Brightening Serum for Dark Spots, Fine Lines and Wrinkles, 1 fl oz",Sponsored,4.3 out of 5 stars,"115,243",$21.97 ,"FREE delivery Fri, Nov 25 on $25 of items shipped by AmazonOr fastest delivery Sun, Nov 20||Small Business|Small Business|Small Business|<img alt="""" src=""https://m.media-amazon.com/images/I/111mHoVK0kL._SS200_.png"" height=""50px"" width=""50px""/>  Small Business|<img alt="""" src=""https://m.media-amazon.com/images/I/111mHoVK0kL._SS200_.png"" height=""50px"" width=""50px""/>  Small Business",B01M4MCUAF,https://m.media-amazon.com/images/I/612egvp4sdL._AC_UL320_.jpg|https://m.media-amazon.com/images/I/111mHoVK0kL._SS200_.png|
429,https://www.amazon.com/sspa/click?ie=UTF8&spc=MTo1MjA5NDgwNTk2NzQ4NjExOjE2Njg4MDI2NzA6c3BfbXRmOjIwMDA1ODY2MTU3NTI5ODo6MDo6&url=%2FPURA-DOR-Certified-Anti-Aging-Moisturizer%2Fdp%2FB00KI3Z2UW%2Fref%3Dsr_1_34_sspa%3Fcrid%3DHDHX3F3NT1QO%26keywords%3Dface%2Boil%26qid%3D1668802670%26sprefix%3Dface%2Boil%252Caps%252C85%26sr%3D8-34-spons%26sp_csd%3Dd2lkZ2V0TmFtZT1zcF9tdGY%26psc%3D1,"PURA D'OR Organic Rosehip Seed Oil, 100% Pure Cold Pressed USDA Certified All Natural Moisturizer Facial Serum For Anti-Aging, Acne Scar Treatment, Gua Sha Massage, Face, Hair & Skin, Women & Men, 4oz",Sponsored,4.6 out of 5 stars,"10,650",$14.99 ,"FREE delivery Fri, Nov 25 on $25 of items shipped by AmazonOr fastest delivery Mon, Nov 21||Climate Pledge Friendly|Climate Pledge Friendly|Climate Pledge Friendly|<img alt="""" src=""https://m.media-amazon.com/images/I/216-OX9rBaL._SS200_.png"" height=""50px"" width=""50px""/>  Climate Pledge Friendly|<img alt="""" src=""https://m.media-amazon.com/images/I/216-OX9rBaL._SS200_.png"" height=""50px"" width=""50px""/>  Climate Pledge Friendly|<img alt="""" src=""https://m.media-amazon.com/images/I/31P6BHLM8wL._SS200_.png"" height=""50px"" width=""50px""/> USDA Organic",B00KI3Z2UW,https://m.media-amazon.com/images/I/71ilkc6cIkL._AC_UL320_.jpg|https://m.media-amazon.com/images/I/216-OX9rBaL._SS200_.png||
430,https://www.amazon.com/sspa/click?ie=UTF8&spc=MTo1MjA5NDgwNTk2NzQ4NjExOjE2Njg4MDI2NzA6c3BfbXRmOjIwMDAzMjUzNjQ2MTU5ODo6MDo6&url=%2FBadger-Seabuckthorn-Face-Oil-Bottle%2Fdp%2FB00O2BTHMU%2Fref%3Dsr_1_35_sspa%3Fcrid%3DHDHX3F3NT1QO%26keywords%3Dface%2Boil%26qid%3D1668802670%26sprefix%3Dface%2Boil%252Caps%252C85%26sr%3D8-35-spons%26sp_csd%3Dd2lkZ2V0TmFtZT1zcF9tdGY%26psc%3D1%26smid%3DAZ08UPEA5SINX,"Badger - Face Oil, Seabuckthorn, Certified Organic, Seabuckthorn Oil, Organic Face Oil, Moisturizing Facial Oil, Natural Face Oil, 1 oz Glass Bottle",Sponsored,4.7 out of 5 stars,895,$14.42 ,"FREE delivery on $25 shipped by Amazon.|Climate Pledge Friendly|Climate Pledge Friendly|Climate Pledge Friendly|<img alt="""" src=""https://m.media-amazon.com/images/I/216-OX9rBaL._SS200_.png"" height=""50px"" width=""50px""/>  Climate Pledge Friendly|<img alt="""" src=""https://m.media-amazon.com/images/I/216-OX9rBaL._SS200_.png"" height=""50px"" width=""50px""/>  Climate Pledge Friendly|<img alt="""" src=""https://m.media-amazon.com/images/I/31P6BHLM8wL._SS200_.png"" height=""50px"" width=""50px""/> USDA Organic",B00O2BTHMU,https://m.media-amazon.com/images/I/610GwaUPHVL._AC_UL320_.jpg|https://m.media-amazon.com/images/I/216-OX9rBaL._SS200_.png||
431,https://www.amazon.com/sspa/click?ie=UTF8&spc=MTo1MjA5NDgwNTk2NzQ4NjExOjE2Njg4MDI2NzA6c3BfbXRmOjIwMDAyMTM4Mzc1ODM0MTo6MDo6&url=%2FRose-Multi-Use-Face-Body-Hair%2Fdp%2FB07DKWCKVV%2Fref%3Dsr_1_36_sspa%3Fcrid%3DHDHX3F3NT1QO%26keywords%3Dface%2Boil%26qid%3D1668802670%26sprefix%3Dface%2Boil%252Caps%252C85%26sr%3D8-36-spons%26sp_csd%3Dd2lkZ2V0TmFtZT1zcF9tdGY%26psc%3D1%26smid%3DA1TRMPRYATMKR9,"Rose Multi-Use Oil for Face, Body and Hair - Organic Blend of Apricot, Vitamin E and Sweet Almond Oil Moisturizer for Dry Skin, Scalp & Nails - Rose Petals & Bergamot Essential Oil - 4 Fl Oz",Sponsored,4.6 out of 5 stars,"13,729",$13.95 ,"FREE delivery Fri, Nov 25 on $25 of items shipped by AmazonOr fastest delivery Sun, Nov 20||Small Business|Small Business|Small Business|<img alt="""" src=""https://m.media-amazon.com/images/I/111mHoVK0kL._SS200_.png"" height=""50px"" width=""50px""/>  Small Business|<img alt="""" src=""https://m.media-amazon.com/images/I/111mHoVK0kL._SS200_.png"" height=""50px"" width=""50px""/>  Small Business",B07DKWCKVV,https://m.media-amazon.com/images/I/41bN+v-P5SL._AC_UL320_.jpg|https://m.media-amazon.com/images/I/111mHoVK0kL._SS200_.png|
432,https://www.amazon.com/Rose-Multi-Use-Face-Body-Hair/dp/B07DKWCKVV/ref=sr_1_37?crid=HDHX3F3NT1QO&keywords=face+oil&qid=1668802670&sprefix=face+oil%2Caps%2C85&sr=8-37,"Rose Multi-Use Oil for Face, Body and Hair - Organic Blend of Apricot, Vitamin E and Sweet Almond Oil Moisturizer for Dry Skin, Scalp & Nails - Rose Petals & Bergamot Essential Oil - 4 Fl Oz",4 Fl Oz (Pack of 1),4.6 out of 5 stars,"13,729",$13.95 ,"FREE delivery Fri, Nov 25 on $25 of items shipped by AmazonOr fastest delivery Sun, Nov 20||Small Business|Small Business|Small Business|<img alt="""" src=""https://m.media-amazon.com/images/I/111mHoVK0kL._SS200_.png"" height=""50px"" width=""50px""/>  Small Business|<img alt="""" src=""https://m.media-amazon.com/images/I/111mHoVK0kL._SS200_.png"" height=""50px"" width=""50px""/>  Small Business",B07DKWCKVV,https://m.media-amazon.com/images/I/41bN+v-P5SL._AC_UL320_.jpg|https://m.media-amazon.com/images/I/111mHoVK0kL._SS200_.png|
433,https://www.amazon.com/Valjean-Overnight-Repair-Facial-Retinol/dp/B07SYJ2P28/ref=sr_1_38_mod_primary_new?crid=HDHX3F3NT1QO&keywords=face+oil&qid=1668802670&sbo=RZvfv%2F%2FHxDF%2BO5021pAnSA%3D%3D&sprefix=face+oil%2Caps%2C85&sr=8-38,"Valjean Labs Overnight Repair Facial Oil | Retinol and Blue Tansy | Helps to Even Skintone, Calm and Soothe Redness | Cruelty Free, Vegan, Made in USA (1.83 oz)",1.83 Fl Oz (Pack of 1),4.4 out of 5 stars,"557|Another way to buy|$13.99$13.99 ($7.64/Fl Oz)|$13.99$13.99 ($7.64/Fl Oz)|($7.64/Fl Oz)|8% coupon applied at checkoutSave 8%  with coupon|Save 8%|FREE delivery Fri, Nov 25 on $25 of items shipped by AmazonOr fastest delivery Sun, Nov 20",$11.93 ,"FREE delivery Nov 23 - 29 Or fastest delivery Nov 22 - 25|Small Business|Small Business|Small Business|<img alt="""" src=""https://m.media-amazon.com/images/I/111mHoVK0kL._SS200_.png"" height=""50px"" width=""50px""/>  Small Business|<img alt="""" src=""https://m.media-amazon.com/images/I/111mHoVK0kL._SS200_.png"" height=""50px"" width=""50px""/>  Small Business|FREE delivery Fri, Nov 25 on $25 of items shipped by AmazonOr fastest delivery Sun, Nov 20|",B07SYJ2P28,https://m.media-amazon.com/images/I/415dh9a-jGL._AC_UL320_.jpg|https://m.media-amazon.com/images/I/111mHoVK0kL._SS200_.png|
434,https://www.amazon.com/Youth-People-Superberry-Hydrate-Prickly/dp/B07H9FNDM1/ref=sr_1_39?crid=HDHX3F3NT1QO&keywords=face+oil&qid=1668802670&sprefix=face+oil%2Caps%2C85&sr=8-39,"Youth To The People Superberry Hydrate + Glow Facial Oil - Flash-Absorbing Vegan Oil with Acai, Maqui, Prickly Pear + Goji for Skin Glow, Visibly Softening Fine Lines + Wrinkles - Clean Beauty (1oz)",1 Fl Oz (Pack of 1),4.8 out of 5 stars,518,$42.99 ,FREE delivery,B07H9FNDM1,https://m.media-amazon.com/images/I/61pHOukV9tL._AC_UL320_.jpg
435,https://www.amazon.com/Trilogy-Rosehip-Antioxidant-1-01-Ounce/dp/B0081JE0VM/ref=sr_1_40?crid=HDHX3F3NT1QO&keywords=face+oil&qid=1668802670&sprefix=face+oil%2Caps%2C85&sr=8-40,"Trilogy Rosehip Oil Antioxidant - For All Skin Types - Certified Organic Beauty Oil Rosapene to Improve the Appearance of Fine Lines & Wrinkles, 1.01 Fl Oz (Pack of 1)",1.01 Fl Oz (Pack of 1),4.5 out of 5 stars,967,$48.99 ,"FREE delivery Fri, Nov 25 Or fastest delivery Sun, Nov 20|",B0081JE0VM,https://m.media-amazon.com/images/I/61Bo0af256L._AC_UL320_.jpg
436,https://www.amazon.com/ELEMIS-Superfood-Facial-Oil-Nourishing/dp/B01HGSJPMW/ref=sr_1_41?crid=HDHX3F3NT1QO&keywords=face+oil&qid=1668802670&sprefix=face+oil%2Caps%2C85&sr=8-41,"ELEMIS Superfood Facial Oil Concentrated Lightweight, Nourishing Daily Face Oil Hydrates and Smoothes Skin for a Healthy, Glowing Complexion, 0.50 Fl Oz",0.5 Fl Oz (Pack of 1),4.6 out of 5 stars,"1,516",$55.00 ,"FREE delivery Fri, Nov 25 Or fastest delivery Sun, Nov 20|",B01HGSJPMW,https://m.media-amazon.com/images/I/711lxq6plyL._AC_UL320_.jpg
437,https://www.amazon.com/Cliganic-Pure-Vitamin-Oil-1oz/dp/B07Z2QNW7R/ref=sr_1_42?crid=HDHX3F3NT1QO&keywords=face+oil&qid=1668802670&sprefix=face+oil%2Caps%2C85&sr=8-42,"Cliganic 100% Pure Vitamin E Oil for Skin, Hair & Face - 30,000 IU, Non-GMO Verified | Natural D-Alpha Tocopherol",1 Fl Oz (Pack of 1),4.5 out of 5 stars,"8,287",$9.99 ,"FREE delivery Fri, Nov 25 on $25 of items shipped by AmazonOr fastest delivery Sun, Nov 20||Climate Pledge Friendly  Small Business|Climate Pledge Friendly|Climate Pledge Friendly|Small Business|Small Business|<img alt="""" src=""https://m.media-amazon.com/images/I/216-OX9rBaL._SS200_.png"" height=""50px"" width=""50px""/>  Climate Pledge Friendly|<img alt="""" src=""https://m.media-amazon.com/images/I/216-OX9rBaL._SS200_.png"" height=""50px"" width=""50px""/>  Climate Pledge Friendly|<img alt="""" src=""https://m.media-amazon.com/images/I/31OPjlesFNL._SS200_.png"" height=""50px"" width=""50px""/> EWG Verified|<img alt="""" src=""https://m.media-amazon.com/images/I/111mHoVK0kL._SS200_.png"" height=""50px"" width=""50px""/>  Small Business|<img alt="""" src=""https://m.media-amazon.com/images/I/111mHoVK0kL._SS200_.png"" height=""50px"" width=""50px""/>  Small Business",B07Z2QNW7R,https://m.media-amazon.com/images/I/71BxEcBjq9L._AC_UL320_.jpg|https://m.media-amazon.com/images/I/216-OX9rBaL._SS200_.png|https://m.media-amazon.com/images/I/111mHoVK0kL._SS200_.png|||
438,https://www.amazon.com/Vitamin-C-Serum-Face-Ageing/dp/B07P5TMHD9/ref=sr_1_43?crid=HDHX3F3NT1QO&keywords=face+oil&qid=1668802670&sprefix=face+oil%2Caps%2C85&sr=8-43,"𝗢𝗥𝗚𝗔𝗡𝗜𝗖 20% Vitamin C Serum for Face WITH HYALURONIC ACID +RETINOL +FERULIC ACID +JOJOBA OIL +VIT E - Anti Aging Brightening Face Serum for Pure Skin Glow - Reduce Wrinkles & Dark Spots, Vegan",1 Fl Oz (Pack of 1),4.3 out of 5 stars,"69,749",$5.68 ,"FREE delivery Fri, Nov 25 on $25 of items shipped by AmazonOr fastest delivery Sun, Nov 20||Climate Pledge Friendly|Climate Pledge Friendly|Climate Pledge Friendly|<img alt="""" src=""https://m.media-amazon.com/images/I/216-OX9rBaL._SS200_.png"" height=""50px"" width=""50px""/>  Climate Pledge Friendly|<img alt="""" src=""https://m.media-amazon.com/images/I/216-OX9rBaL._SS200_.png"" height=""50px"" width=""50px""/>  Climate Pledge Friendly|<img alt="""" src=""https://m.media-amazon.com/images/I/51vgBATI8mL._SS200_.jpg"" height=""50px"" width=""50px""/> Climate neutral by ClimatePartner",B07P5TMHD9,https://m.media-amazon.com/images/I/81NiIuGft9L._AC_UL320_.jpg|https://m.media-amazon.com/images/I/216-OX9rBaL._SS200_.png||
439,https://www.amazon.com/JASON-Vitamin-Over-Nourishment-Packaging/dp/B00CHTX1AS/ref=sr_1_44?crid=HDHX3F3NT1QO&keywords=face+oil&qid=1668802670&sprefix=face+oil%2Caps%2C85&sr=8-44,"Jason Skin Oil, Vitamin E 5,000 IU, All Over Body Nourishment, 4 Oz (Packaging May Vary)",4 Fl Oz (Pack of 1),4.6 out of 5 stars,"21,806",$6.98 ,"FREE delivery Fri, Nov 25 on $25 of items shipped by AmazonOr fastest delivery Tue, Nov 22|",B00CHTX1AS,https://m.media-amazon.com/images/I/51pJJZw4C4L._AC_UL320_.jpg
440,https://www.amazon.com/Sunday-Riley-JUNO-Antioxidant-Superfood/dp/B074KXL36L/ref=sr_1_45?crid=HDHX3F3NT1QO&keywords=face+oil&qid=1668802670&sprefix=face+oil%2Caps%2C85&sr=8-45,Sunday Riley Juno Antioxidant and Superfood Face Oil,0.5 Fl Oz (Pack of 1),4.7 out of 5 stars,675,$36.00 ,"FREE delivery Fri, Nov 25 Or fastest delivery Sun, Nov 20|",B074KXL36L,https://m.media-amazon.com/images/I/51PCEMl6VkL._AC_UL320_.jpg
441,https://www.amazon.com/Biossance-Squalane-Vitamin-Visibly-Brighten/dp/B099BTZBFW/ref=sr_1_46?crid=HDHX3F3NT1QO&keywords=face+oil&qid=1668802670&sprefix=face+oil%2Caps%2C85&sr=8-46,"Biossance Squalane + Vitamin C Rose Oil. Facial Oil to Visibly Brighten, Hydrate, Firm and Reveal Radiant Skin. Travel Size (0.4 ounces)",0.4 Fl Oz (Pack of 1),4.6 out of 5 stars,"1,001",$34.00 ,"FREE delivery Fri, Nov 25 Or fastest delivery Sun, Nov 20||Climate Pledge Friendly|Climate Pledge Friendly|Climate Pledge Friendly|<img alt="""" src=""https://m.media-amazon.com/images/I/216-OX9rBaL._SS200_.png"" height=""50px"" width=""50px""/>  Climate Pledge Friendly|<img alt="""" src=""https://m.media-amazon.com/images/I/216-OX9rBaL._SS200_.png"" height=""50px"" width=""50px""/>  Climate Pledge Friendly|<img alt="""" src=""https://m.media-amazon.com/images/I/31OPjlesFNL._SS200_.png"" height=""50px"" width=""50px""/> EWG Verified",B099BTZBFW,https://m.media-amazon.com/images/I/51tt3UPFIzS._AC_UL320_.jpg|https://m.media-amazon.com/images/I/216-OX9rBaL._SS200_.png||
442,https://www.amazon.com/PURA-DOR-Certified-Anti-Aging-Moisturizer/dp/B00KI3Z2UW/ref=sr_1_47?crid=HDHX3F3NT1QO&keywords=face+oil&qid=1668802670&sprefix=face+oil%2Caps%2C85&sr=8-47,"PURA D'OR Organic Rosehip Seed Oil, 100% Pure Cold Pressed USDA Certified All Natural Moisturizer Facial Serum For Anti-Aging, Acne Scar Treatment, Gua Sha Massage, Face, Hair & Skin, Women & Men, 4oz",4 Fl Oz (Pack of 1),4.6 out of 5 stars,"10,650",$14.99 ,"FREE delivery Fri, Nov 25 on $25 of items shipped by AmazonOr fastest delivery Mon, Nov 21||Climate Pledge Friendly|Climate Pledge Friendly|Climate Pledge Friendly|<img alt="""" src=""https://m.media-amazon.com/images/I/216-OX9rBaL._SS200_.png"" height=""50px"" width=""50px""/>  Climate Pledge Friendly|<img alt="""" src=""https://m.media-amazon.com/images/I/216-OX9rBaL._SS200_.png"" height=""50px"" width=""50px""/>  Climate Pledge Friendly|<img alt="""" src=""https://m.media-amazon.com/images/I/31P6BHLM8wL._SS200_.png"" height=""50px"" width=""50px""/> USDA Organic",B00KI3Z2UW,https://m.media-amazon.com/images/I/71ilkc6cIkL._AC_UL320_.jpg|https://m.media-amazon.com/images/I/216-OX9rBaL._SS200_.png||
443,https://www.amazon.com/Unscented-Organic-Grapeseed-Sunflower-Moisturizer/dp/B07KYD25MF/ref=sr_1_48?crid=HDHX3F3NT1QO&keywords=face+oil&qid=1668802670&sprefix=face+oil%2Caps%2C85&sr=8-48,"Unscented Organic Blend of Olive, Almond, Jojoba, Grapeseed, Sunflower, and vitamin E oil. Anti Aging Body and Facial oils for Sensitive Dry Skin, Face, Hair, Nail. Moisturizer for Women and Men",4 Fl Oz (Pack of 1),4.5 out of 5 stars,"4,340",$12.74 ,"FREE delivery Fri, Nov 25 on $25 of items shipped by AmazonOr fastest delivery Sun, Nov 20||Climate Pledge Friendly  Small Business|Climate Pledge Friendly|Climate Pledge Friendly|Small Business|Small Business|<img alt="""" src=""https://m.media-amazon.com/images/I/216-OX9rBaL._SS200_.png"" height=""50px"" width=""50px""/>  Climate Pledge Friendly|<img alt="""" src=""https://m.media-amazon.com/images/I/216-OX9rBaL._SS200_.png"" height=""50px"" width=""50px""/>  Climate Pledge Friendly|<img alt="""" src=""https://m.media-amazon.com/images/I/51vgBATI8mL._SS200_.jpg"" height=""50px"" width=""50px""/> Climate neutral by ClimatePartner|<img alt="""" src=""https://m.media-amazon.com/images/I/111mHoVK0kL._SS200_.png"" height=""50px"" width=""50px""/>  Small Business|<img alt="""" src=""https://m.media-amazon.com/images/I/111mHoVK0kL._SS200_.png"" height=""50px"" width=""50px""/>  Small Business",B07KYD25MF,https://m.media-amazon.com/images/I/41125tjysvL._AC_UL320_.jpg|https://m.media-amazon.com/images/I/216-OX9rBaL._SS200_.png|https://m.media-amazon.com/images/I/111mHoVK0kL._SS200_.png|||
444,https://www.amazon.com/Cliganic-Organic-Moroccan-Natural-Pressed/dp/B07YYG14S1/ref=sr_1_49?crid=HDHX3F3NT1QO&keywords=face+oil&qid=1668802670&sprefix=face+oil%2Caps%2C85&sr=8-49,"Cliganic USDA Organic Argan Oil, 100% Pure | for Hair, Face & Skin | Natural Cold Pressed Carrier Oil, Imported from Morocco",4 Fl Oz (Pack of 1),4.6 out of 5 stars,"23,512",$14.99 ,"FREE delivery Fri, Nov 25 on $25 of items shipped by AmazonOr fastest delivery Sun, Nov 20||Climate Pledge Friendly  Small Business|Climate Pledge Friendly|Climate Pledge Friendly|Small Business|Small Business|<img alt="""" src=""https://m.media-amazon.com/images/I/216-OX9rBaL._SS200_.png"" height=""50px"" width=""50px""/>  Climate Pledge Friendly|<img alt="""" src=""https://m.media-amazon.com/images/I/216-OX9rBaL._SS200_.png"" height=""50px"" width=""50px""/>  Climate Pledge Friendly|<img alt="""" src=""https://m.media-amazon.com/images/I/31P6BHLM8wL._SS200_.png"" height=""50px"" width=""50px""/> USDA Organic|<img alt="""" src=""https://m.media-amazon.com/images/I/31OPjlesFNL._SS200_.png"" height=""50px"" width=""50px""/> EWG Verified|<img alt="""" src=""https://m.media-amazon.com/images/I/111mHoVK0kL._SS200_.png"" height=""50px"" width=""50px""/>  Small Business|<img alt="""" src=""https://m.media-amazon.com/images/I/111mHoVK0kL._SS200_.png"" height=""50px"" width=""50px""/>  Small Business",B07YYG14S1,https://m.media-amazon.com/images/I/61zvJzFKe+L._AC_UL320_.jpg|https://m.media-amazon.com/images/I/216-OX9rBaL._SS200_.png|https://m.media-amazon.com/images/I/111mHoVK0kL._SS200_.png||||
445,https://www.amazon.com/Vitamin-Retinol-Niacinamide-Hyaluronic-Salicylic/dp/B01BT02Q88/ref=sr_1_50?crid=HDHX3F3NT1QO&keywords=face+oil&qid=1668802670&sprefix=face+oil%2Caps%2C85&sr=8-50,"Vitamin C Serum Plus With Hyaluronic Acid Serum, Retinol, Niacinamide, Salicylic Acid Vitamin C Serum for Face - Anti Aging Serum, Skin Care, Dark Spot Remover for Face by Eva Naturals (1 oz)",1 Fl Oz (Pack of 1),4.3 out of 5 stars,"50,903",$14.99 ,"FREE delivery Fri, Nov 25 on $25 of items shipped by AmazonOr fastest delivery Sun, Nov 20||Small Business|Small Business|Small Business|<img alt="""" src=""https://m.media-amazon.com/images/I/111mHoVK0kL._SS200_.png"" height=""50px"" width=""50px""/>  Small Business|<img alt="""" src=""https://m.media-amazon.com/images/I/111mHoVK0kL._SS200_.png"" height=""50px"" width=""50px""/>  Small Business",B01BT02Q88,https://m.media-amazon.com/images/I/61yK9kpk3LL._AC_UL320_.jpg|https://m.media-amazon.com/images/I/111mHoVK0kL._SS200_.png|
446,https://www.amazon.com/Rosehip-Oil-Face-Skin-Moisturizer/dp/B01N3340K7/ref=sr_1_51?crid=HDHX3F3NT1QO&keywords=face+oil&qid=1668802670&sprefix=face+oil%2Caps%2C85&sr=8-51,"Rosehip Oil for Face & Skin - Kate Blanc Cosmetics. USDA Organic Rosehip Seed Oil for Gua Sha Massage & Essential Face Oil. 100% Pure, Cold Pressed Rose Hip Oil for Acne Scars & Facial Oil (1 oz)",1 Fl Oz (Pack of 1),4.6 out of 5 stars,"10,942",$9.99 ,"FREE delivery Fri, Nov 25 on $25 of items shipped by AmazonOr fastest delivery Tue, Nov 22||Climate Pledge Friendly  Small Business|Climate Pledge Friendly|Climate Pledge Friendly|Small Business|Small Business|<img alt="""" src=""https://m.media-amazon.com/images/I/216-OX9rBaL._SS200_.png"" height=""50px"" width=""50px""/>  Climate Pledge Friendly|<img alt="""" src=""https://m.media-amazon.com/images/I/216-OX9rBaL._SS200_.png"" height=""50px"" width=""50px""/>  Climate Pledge Friendly|<img alt="""" src=""https://m.media-amazon.com/images/I/31P6BHLM8wL._SS200_.png"" height=""50px"" width=""50px""/> USDA Organic|<img alt="""" src=""https://m.media-amazon.com/images/I/111mHoVK0kL._SS200_.png"" height=""50px"" width=""50px""/>  Small Business|<img alt="""" src=""https://m.media-amazon.com/images/I/111mHoVK0kL._SS200_.png"" height=""50px"" width=""50px""/>  Small Business",B01N3340K7,https://m.media-amazon.com/images/I/61m7Bp81OjL._AC_UL320_.jpg|https://m.media-amazon.com/images/I/216-OX9rBaL._SS200_.png|https://m.media-amazon.com/images/I/111mHoVK0kL._SS200_.png|||
447,https://www.amazon.com/Mad-Hippie-Vitamin-Hyaluronic-Ferulic/dp/B00DKF7XPW/ref=sr_1_52?crid=HDHX3F3NT1QO&keywords=face+oil&qid=1668802670&sprefix=face+oil%2Caps%2C85&sr=8-52,"Mad Hippie Vitamin C Serum with Vitamin E, Skin Care Packed with Natural Vegan Active Ingredients, Apply Before Sunscreen or Make Up, For Healthy Glowing Skin, 1.02 Fl. Oz.",1.02 Fl Oz (Pack of 1),4.6 out of 5 stars,"7,000",$29.99 ,"FREE delivery Tue, Nov 29||Small Business|Small Business|Small Business|<img alt="""" src=""https://m.media-amazon.com/images/I/111mHoVK0kL._SS200_.png"" height=""50px"" width=""50px""/>  Small Business|<img alt="""" src=""https://m.media-amazon.com/images/I/111mHoVK0kL._SS200_.png"" height=""50px"" width=""50px""/>  Small Business",B00DKF7XPW,https://m.media-amazon.com/images/I/61LPYLDfCGL._AC_UL320_.jpg|https://m.media-amazon.com/images/I/111mHoVK0kL._SS200_.png|
448,https://www.amazon.com/Eminence-Facial-Recovery-Oil-Ounce/dp/B0722RQRVX/ref=sr_1_53?crid=HDHX3F3NT1QO&keywords=face+oil&qid=1668802670&sprefix=face+oil%2Caps%2C85&sr=8-53,"Facial Recovery Oil, 0.5 oz",0.5 Fl Oz (Pack of 1),4.7 out of 5 stars,829,$48.15 ,"FREE delivery Fri, Nov 25 Or fastest delivery Sun, Nov 20|",B0722RQRVX,https://m.media-amazon.com/images/I/71RV8uWF5RL._AC_UL320_.jpg
449,https://www.amazon.com/SheaMoisture-Serum-Types-Papaya-Vitamin/dp/B08BTKBVWS/ref=sr_1_54?crid=HDHX3F3NT1QO&keywords=face+oil&qid=1668802670&sprefix=face+oil%2Caps%2C85&sr=8-54,SheaMoisture Serum For All Skin Types Papaya and Vitamin C Vitamin C Serum 1 oz,1 Fl Oz (Pack of 1),4.4 out of 5 stars,"1,846",$9.97 ,"FREE delivery Tue, Nov 29 on $25 of items shipped by AmazonOr fastest delivery Fri, Nov 25|",B08BTKBVWS,https://m.media-amazon.com/images/I/61-Y6-8Uh6L._AC_UL320_.jpg
450,https://www.amazon.com/Organic-Marula-Oil-Face-Brookethorne/dp/B09FYFQV9H/ref=sr_1_55?crid=HDHX3F3NT1QO&keywords=face+oil&qid=1668802670&sprefix=face+oil%2Caps%2C85&sr=8-55,"Organic Marula Oil for Face – Luxury Facial Oil for Women. Moisturizer for Skin, Hair & Nails. Virgin & Unrefined. Perfect Facial Massage Oil for Gua Sha & Facial Roller by Brookethorne Naturals – 2oz",2 Fl Oz (Pack of 1),4.5 out of 5 stars,172,$10.95 ,"FREE delivery Fri, Nov 25 on $25 of items shipped by AmazonOr fastest delivery Sun, Nov 20||Small Business|Small Business|Small Business|<img alt="""" src=""https://m.media-amazon.com/images/I/111mHoVK0kL._SS200_.png"" height=""50px"" width=""50px""/>  Small Business|<img alt="""" src=""https://m.media-amazon.com/images/I/111mHoVK0kL._SS200_.png"" height=""50px"" width=""50px""/>  Small Business",B09FYFQV9H,https://m.media-amazon.com/images/I/61aQG5Dqq9L._AC_UL320_.jpg|https://m.media-amazon.com/images/I/111mHoVK0kL._SS200_.png|
451,https://www.amazon.com/Japanese-Tsubaki-Oil-Moisturizer-Hydrating/dp/B01LDWQDXQ/ref=sr_1_56?crid=HDHX3F3NT1QO&keywords=face+oil&qid=1668802670&sprefix=face+oil%2Caps%2C85&sr=8-56,"Japanese Tsubaki Oil - Best Face Moisturizer for Women. Face Oil for Gua Sha, Anti Aging, Hydrating Face Moisturizer and more! Facial Moisturizer for Women Anti Aging by Amaki (30ml)",1.01 Fl Oz (Pack of 1),4.4 out of 5 stars,"1,228",$34.99 ,"FREE delivery Fri, Nov 25 Or fastest delivery Sun, Nov 20||Small Business|Small Business|Small Business|<img alt="""" src=""https://m.media-amazon.com/images/I/111mHoVK0kL._SS200_.png"" height=""50px"" width=""50px""/>  Small Business|<img alt="""" src=""https://m.media-amazon.com/images/I/111mHoVK0kL._SS200_.png"" height=""50px"" width=""50px""/>  Small Business",B01LDWQDXQ,https://m.media-amazon.com/images/I/61iqD6JCe3L._AC_UL320_.jpg|https://m.media-amazon.com/images/I/111mHoVK0kL._SS200_.png|
452,https://www.amazon.com/Eight-Saints-Society-Botanical-Natural/dp/B08YS16MVS/ref=sr_1_57?crid=HDHX3F3NT1QO&keywords=face+oil&qid=1668802670&sprefix=face+oil%2Caps%2C85&sr=8-57,"Eight Saints High Society Botanical Face Oil, Natural and Organic Anti Aging Facial Oil with Marula Oil, Vitamin E, and Neroli Oil, 1 Ounce",1 Fl Oz (Pack of 1),4.8 out of 5 stars,107,$46.00 ,"FREE delivery Fri, Nov 25 Or fastest delivery Sun, Nov 20||Small Business|Small Business|Small Business|<img alt="""" src=""https://m.media-amazon.com/images/I/111mHoVK0kL._SS200_.png"" height=""50px"" width=""50px""/>  Small Business|<img alt="""" src=""https://m.media-amazon.com/images/I/111mHoVK0kL._SS200_.png"" height=""50px"" width=""50px""/>  Small Business",B08YS16MVS,https://m.media-amazon.com/images/I/41qCAzsLmrL._AC_UL320_.jpg|https://m.media-amazon.com/images/I/111mHoVK0kL._SS200_.png|
453,https://www.amazon.com/Badger-Seabuckthorn-Face-Oil-Bottle/dp/B00O2BTHMU/ref=sr_1_58?crid=HDHX3F3NT1QO&keywords=face+oil&qid=1668802670&sprefix=face+oil%2Caps%2C85&sr=8-58,"Badger - Face Oil, Seabuckthorn, Certified Organic, Seabuckthorn Oil, Organic Face Oil, Moisturizing Facial Oil, Natural Face Oil, 1 oz Glass Bottle",1 Fl Oz (Pack of 1),4.7 out of 5 stars,895,$14.42 ,"FREE delivery on $25 shipped by Amazon.|Climate Pledge Friendly|Climate Pledge Friendly|Climate Pledge Friendly|<img alt="""" src=""https://m.media-amazon.com/images/I/216-OX9rBaL._SS200_.png"" height=""50px"" width=""50px""/>  Climate Pledge Friendly|<img alt="""" src=""https://m.media-amazon.com/images/I/216-OX9rBaL._SS200_.png"" height=""50px"" width=""50px""/>  Climate Pledge Friendly|<img alt="""" src=""https://m.media-amazon.com/images/I/31P6BHLM8wL._SS200_.png"" height=""50px"" width=""50px""/> USDA Organic",B00O2BTHMU,https://m.media-amazon.com/images/I/610GwaUPHVL._AC_UL320_.jpg|https://m.media-amazon.com/images/I/216-OX9rBaL._SS200_.png||
454,https://www.amazon.com/Turmeric-Oil-Face-Body-Brightening/dp/B0BBJGBVXN/ref=sr_1_59?crid=HDHX3F3NT1QO&keywords=face+oil&qid=1668802670&sprefix=face+oil%2Caps%2C85&sr=8-59,"Turmeric Oil for Face & Body - All Natural Turmeric Skin Brightening Oil for Dark Spots - Turmeric Facial Repair Serum Cleanses Skin, Fights Acne, Evens Tone, Heals Scars - Pure Turmeric Serum Skincare Treatment for All Skin Types",1 Ounce (Pack of 1),4.5 out of 5 stars,24,$7.99 ,"FREE delivery Fri, Nov 25 on $25 of items shipped by AmazonOr fastest delivery Wed, Nov 23||Small Business|Small Business|Small Business|<img alt="""" src=""https://m.media-amazon.com/images/I/111mHoVK0kL._SS200_.png"" height=""50px"" width=""50px""/>  Small Business|<img alt="""" src=""https://m.media-amazon.com/images/I/111mHoVK0kL._SS200_.png"" height=""50px"" width=""50px""/>  Small Business",B0BBJGBVXN,https://m.media-amazon.com/images/I/61r+cGnwn6L._AC_UL320_.jpg|https://m.media-amazon.com/images/I/111mHoVK0kL._SS200_.png|
455,https://www.amazon.com/Bio-Oil-Skincare-Stretchmarks-Moisturizer-Sunflower/dp/B08XMMQVT8/ref=sr_1_60?crid=HDHX3F3NT1QO&keywords=face+oil&qid=1668802670&sprefix=face+oil%2Caps%2C85&sr=8-60,"Bio-Oil Skincare Oil, Natural, Serum for Scars and Stretchmarks, Face and Body Moisturizer for Dry Skin, with Organic Jojoba Oil and Vitamin E, with Natural Rosehip Oil, For All Skin Types, 4.2 oz",4.2 Fl Oz (Pack of 1),4.6 out of 5 stars,"4,502",$24.89 ,"FREE delivery Fri, Nov 25 on $25 of items shipped by AmazonOr fastest delivery Sun, Nov 20|",B08XMMQVT8,https://m.media-amazon.com/images/I/71Xntquq3jL._AC_UL320_.jpg
456,https://www.amazon.com/sspa/click?ie=UTF8&spc=MTo3OTA2OTI4ODg4NjY5NDYwOjE2Njg4MDI2NzA6c3Bfc2VhcmNoX3RoZW1hdGljX2J0ZjoyMDAwNjUwNzM4ODUyOTg6OjA6Og&url=%2FRosehip-Organic-Anti-Aging-Natural-Unrefined%2Fdp%2FB0B3J7H8SR%2Fref%3Dsxbs_pa_sp_search_thematic_btf_sspa%3Fcontent-id%3Damzn1.sym.58cc9a81-ce69-447f-ae9a-f946e256a203%253Aamzn1.sym.58cc9a81-ce69-447f-ae9a-f946e256a203%26crid%3DHDHX3F3NT1QO%26cv_ct_cx%3Dface%2Boil%26keywords%3Dface%2Boil%26pd_rd_i%3DB0B3J7H8SR%26pd_rd_r%3D5f58deb9-1966-4c7e-86fa-f983f4a5303e%26pd_rd_w%3DtnT1Y%26pd_rd_wg%3DwxTFq%26pf_rd_p%3D58cc9a81-ce69-447f-ae9a-f946e256a203%26pf_rd_r%3D3FDXXJH4XTDGKTMMJ8CZ%26qid%3D1668802670%26sprefix%3Dface%2Boil%252Caps%252C85%26sr%3D1-1-5434e42d-8be2-4d7d-bf67-67dd4fa72054-spons%26sp_csd%3Dd2lkZ2V0TmFtZT1zcF9zZWFyY2hfdGhlbWF0aWNfYnRm%26psc%3D1,"Rosehip Oil, Organic Rosehip Seed Oil Anti-Aging Natural Cold Pressed Unrefined For Face, Hair, Nail, Scar, All Skin & Hair Types",Sponsored,4.4 out of 5 stars|4.8 out of 5 stars|4.8 out of 5 stars|4.8 out of 5 stars|4.8 out of 5 stars,51|17|6|28|25,$9.99 ,"Small Business|Small Business|Small Business|<img alt="""" src=""https://m.media-amazon.com/images/I/111mHoVK0kL._SS200_.png"" height=""50px"" width=""50px""/>  Small Business|<img alt="""" src=""https://m.media-amazon.com/images/I/111mHoVK0kL._SS200_.png"" height=""50px"" width=""50px""/>  Small Business",,https://m.media-amazon.com/images/I/61-+YjMVxqL._AC_UL320_.jpg|https://m.media-amazon.com/images/I/71vReUbSW5L._AC_UL320_.jpg|https://m.media-amazon.com/images/I/111mHoVK0kL._SS200_.png||https://m.media-amazon.com/images/I/81QkNPvznuL._AC_UL320_.jpg|https://m.media-amazon.com/images/I/81QmLQKRtOL._AC_UL320_.jpg|https://m.media-amazon.com/images/I/61TZdde+R3L._AC_UL320_.jpg
457,https://www.amazon.com/sspa/click?ie=UTF8&spc=MTo3OTA2OTI4ODg4NjY5NDYwOjE2Njg4MDI2NzA6c3Bfc2VhcmNoX3RoZW1hdGljX2J0ZjoyMDAwNjUwNzM4ODUyOTg6OjA6Og&url=%2FRosehip-Organic-Anti-Aging-Natural-Unrefined%2Fdp%2FB0B3J7H8SR%2Fref%3Dsxbs_pa_sp_search_thematic_btf_sspa%3Fcontent-id%3Damzn1.sym.58cc9a81-ce69-447f-ae9a-f946e256a203%253Aamzn1.sym.58cc9a81-ce69-447f-ae9a-f946e256a203%26crid%3DHDHX3F3NT1QO%26cv_ct_cx%3Dface%2Boil%26keywords%3Dface%2Boil%26pd_rd_i%3DB0B3J7H8SR%26pd_rd_r%3D5f58deb9-1966-4c7e-86fa-f983f4a5303e%26pd_rd_w%3DtnT1Y%26pd_rd_wg%3DwxTFq%26pf_rd_p%3D58cc9a81-ce69-447f-ae9a-f946e256a203%26pf_rd_r%3D3FDXXJH4XTDGKTMMJ8CZ%26qid%3D1668802670%26sprefix%3Dface%2Boil%252Caps%252C85%26sr%3D1-1-5434e42d-8be2-4d7d-bf67-67dd4fa72054-spons%26sp_csd%3Dd2lkZ2V0TmFtZT1zcF9zZWFyY2hfdGhlbWF0aWNfYnRm%26psc%3D1,"Rosehip Oil, Organic Rosehip Seed Oil Anti-Aging Natural Cold Pressed Unrefined For Face, Hair, Nail, Scar, All Skin & Hair Types",Sponsored,4.4 out of 5 stars,51,$9.99 ,,B0B3J7H8SR,https://m.media-amazon.com/images/I/61-+YjMVxqL._AC_UL320_.jpg
458,https://www.amazon.com/sspa/click?ie=UTF8&spc=MTo3OTA2OTI4ODg4NjY5NDYwOjE2Njg4MDI2NzA6c3Bfc2VhcmNoX3RoZW1hdGljX2J0Zjo6OjE6QjA5WVZQNU1ZNjpzZWFyY2g&url=%2FWrinkles-Plantologie-Anti-Aging-Hydrating-Hyaluronic%2Fdp%2FB09YVP5MY6%2Fref%3Dsxbs_pa_sp_search_thematic_btf_sspa%3Fcontent-id%3Damzn1.sym.58cc9a81-ce69-447f-ae9a-f946e256a203%253Aamzn1.sym.58cc9a81-ce69-447f-ae9a-f946e256a203%26crid%3DHDHX3F3NT1QO%26cv_ct_cx%3Dface%2Boil%26keywords%3Dface%2Boil%26pd_rd_i%3DB09YVP5MY6%26pd_rd_r%3D5f58deb9-1966-4c7e-86fa-f983f4a5303e%26pd_rd_w%3DtnT1Y%26pd_rd_wg%3DwxTFq%26pf_rd_p%3D58cc9a81-ce69-447f-ae9a-f946e256a203%26pf_rd_r%3D3FDXXJH4XTDGKTMMJ8CZ%26qid%3D1668802670%26sprefix%3Dface%2Boil%252Caps%252C85%26sr%3D1-2-5434e42d-8be2-4d7d-bf67-67dd4fa72054-spons%26sp_csd%3Dd2lkZ2V0TmFtZT1zcF9zZWFyY2hfdGhlbWF0aWNfYnRm%26psc%3D1,"Plantologie Vitamin C Serum For Face; Hydrate and Brighten Your Skin, Reduce Dark Spots, Fine Lines & Wrinkles With Premium Organic Oil Plant Based Facial Anti-Aging Treatment",1 Fl Oz (Pack of 1),4.8 out of 5 stars,17,$48.00 ,"Small Business|Small Business|Small Business|<img alt="""" src=""https://m.media-amazon.com/images/I/111mHoVK0kL._SS200_.png"" height=""50px"" width=""50px""/>  Small Business|<img alt="""" src=""https://m.media-amazon.com/images/I/111mHoVK0kL._SS200_.png"" height=""50px"" width=""50px""/>  Small Business",B09YVP5MY6,https://m.media-amazon.com/images/I/71vReUbSW5L._AC_UL320_.jpg|https://m.media-amazon.com/images/I/111mHoVK0kL._SS200_.png|
459,https://www.amazon.com/sspa/click?ie=UTF8&spc=MTo3OTA2OTI4ODg4NjY5NDYwOjE2Njg4MDI2NzA6c3Bfc2VhcmNoX3RoZW1hdGljX2J0Zjo6OjI6QjBCM1RMVjlLSDpzZWFyY2g&url=%2FRosehip-Hydrating-Nourishing-Moisturising-Cruelty-Free%2Fdp%2FB0B3TLV9KH%2Fref%3Dsxbs_pa_sp_search_thematic_btf_sspa%3Fcontent-id%3Damzn1.sym.58cc9a81-ce69-447f-ae9a-f946e256a203%253Aamzn1.sym.58cc9a81-ce69-447f-ae9a-f946e256a203%26crid%3DHDHX3F3NT1QO%26cv_ct_cx%3Dface%2Boil%26keywords%3Dface%2Boil%26pd_rd_i%3DB0B3TLV9KH%26pd_rd_r%3D5f58deb9-1966-4c7e-86fa-f983f4a5303e%26pd_rd_w%3DtnT1Y%26pd_rd_wg%3DwxTFq%26pf_rd_p%3D58cc9a81-ce69-447f-ae9a-f946e256a203%26pf_rd_r%3D3FDXXJH4XTDGKTMMJ8CZ%26qid%3D1668802670%26sprefix%3Dface%2Boil%252Caps%252C85%26sr%3D1-3-5434e42d-8be2-4d7d-bf67-67dd4fa72054-spons%26sp_csd%3Dd2lkZ2V0TmFtZT1zcF9zZWFyY2hfdGhlbWF0aWNfYnRm%26psc%3D1,"Rosehip Oil(2oz / 60mL), 100% Pure Natural, Hydrating, Nourishing & Moisturising Rose Hip Oil for Skin, Hair, Nails, and Body Oil. Cruelty-Free & Vegan Face Oil for Women&Men",2.02 Fl Oz (Pack of 1),4.8 out of 5 stars,6,$9.99 ,,B0B3TLV9KH,https://m.media-amazon.com/images/I/81QkNPvznuL._AC_UL320_.jpg
460,https://www.amazon.com/sspa/click?ie=UTF8&spc=MTo3OTA2OTI4ODg4NjY5NDYwOjE2Njg4MDI2NzA6c3Bfc2VhcmNoX3RoZW1hdGljX2J0Zjo6OjM6QjA3WVE3S01GTjpzZWFyY2g&url=%2F100-PURE-Multi-Vitamin-Antioxidants-Anti-Wrinkle%2Fdp%2FB07YQ7KMFN%2Fref%3Dsxbs_pa_sp_search_thematic_btf_sspa%3Fcontent-id%3Damzn1.sym.58cc9a81-ce69-447f-ae9a-f946e256a203%253Aamzn1.sym.58cc9a81-ce69-447f-ae9a-f946e256a203%26crid%3DHDHX3F3NT1QO%26cv_ct_cx%3Dface%2Boil%26keywords%3Dface%2Boil%26pd_rd_i%3DB07YQ7KMFN%26pd_rd_r%3D5f58deb9-1966-4c7e-86fa-f983f4a5303e%26pd_rd_w%3DtnT1Y%26pd_rd_wg%3DwxTFq%26pf_rd_p%3D58cc9a81-ce69-447f-ae9a-f946e256a203%26pf_rd_r%3D3FDXXJH4XTDGKTMMJ8CZ%26qid%3D1668802670%26sprefix%3Dface%2Boil%252Caps%252C85%26sr%3D1-4-5434e42d-8be2-4d7d-bf67-67dd4fa72054-spons%26sp_csd%3Dd2lkZ2V0TmFtZT1zcF9zZWFyY2hfdGhlbWF0aWNfYnRm%26psc%3D1,"100% PURE Multi-Vitamin + Antioxidants PM Facial Oil, Anti-Aging Skin Care, Night Facial Oil, Anti-Wrinkle, Natural Face Moisturizer w/Retinol, Vitamin C, CoQ10-1 Fl Oz",($58.00/Fl Oz),4.8 out of 5 stars,28,$58.00 ,,B07YQ7KMFN,https://m.media-amazon.com/images/I/81QmLQKRtOL._AC_UL320_.jpg
461,https://www.amazon.com/sspa/click?ie=UTF8&spc=MTo3OTA2OTI4ODg4NjY5NDYwOjE2Njg4MDI2NzA6c3Bfc2VhcmNoX3RoZW1hdGljX2J0Zjo6OjQ6QjA5S1lLNVdIRjpzZWFyY2g&url=%2F100-PURE-Moisturizer-Hydrating-Vitamins%2Fdp%2FB09KYK5WHF%2Fref%3Dsxbs_pa_sp_search_thematic_btf_sspa%3Fcontent-id%3Damzn1.sym.58cc9a81-ce69-447f-ae9a-f946e256a203%253Aamzn1.sym.58cc9a81-ce69-447f-ae9a-f946e256a203%26crid%3DHDHX3F3NT1QO%26cv_ct_cx%3Dface%2Boil%26keywords%3Dface%2Boil%26pd_rd_i%3DB09KYK5WHF%26pd_rd_r%3D5f58deb9-1966-4c7e-86fa-f983f4a5303e%26pd_rd_w%3DtnT1Y%26pd_rd_wg%3DwxTFq%26pf_rd_p%3D58cc9a81-ce69-447f-ae9a-f946e256a203%26pf_rd_r%3D3FDXXJH4XTDGKTMMJ8CZ%26qid%3D1668802670%26sprefix%3Dface%2Boil%252Caps%252C85%26sr%3D1-5-5434e42d-8be2-4d7d-bf67-67dd4fa72054-spons%26sp_csd%3Dd2lkZ2V0TmFtZT1zcF9zZWFyY2hfdGhlbWF0aWNfYnRm%26psc%3D1,"100% PURE Organic Marula Oil Moisturizer For Face, Body, Hair Hydrating Vitamins & Omega Fatty Acids Support Glowing, Plumped Up Youthful Skin - Natural Cold-Pressed Facial Radiance - Vegan - 1oz",1 Fl Oz (Pack of 1),4.8 out of 5 stars,25,$34.00 ,,B09KYK5WHF,https://m.media-amazon.com/images/I/61TZdde+R3L._AC_UL320_.jpg
468,https://www.amazon.com/sspa/click?ie=UTF8&spc=MTo4MTU4NDg5NDY3ODM2NTg2OjE2Njg4MDI3MDA6c3BfYXRmOjIwMDAwNjg5NTA2NDU2MTo6MDo6&url=%2FPaulas-Choice-SKIN-PERFECTING-Exfoliant-Facial-Blackheads%2Fdp%2FB00949CTQQ%2Fref%3Dsr_1_1_sspa%3Fcrid%3D1ZEPXYWTQ158R%26keywords%3Dexfoliator%26qid%3D1668802700%26sprefix%3Dexfoliator%2B%252Caps%252C92%26sr%3D8-1-spons%26sp_csd%3Dd2lkZ2V0TmFtZT1zcF9hdGY%26psc%3D1%26smid%3DAFDRC8T2FYEHK,"Paulas Choice--SKIN PERFECTING 2% BHA Liquid Salicylic Acid Exfoliant--Facial Exfoliant for Blackheads, Enlarged Pores, Wrinkles & Fine Lines, 4 oz Bottle",Sponsored,4.6 out of 5 stars,"75,675",$34.00 ,"FREE delivery Fri, Nov 25 Or fastest delivery Tue, Nov 22||Climate Pledge Friendly|Climate Pledge Friendly|Climate Pledge Friendly|<img alt="""" src=""https://m.media-amazon.com/images/I/216-OX9rBaL._SS200_.png"" height=""50px"" width=""50px""/>  Climate Pledge Friendly|<img alt="""" src=""https://m.media-amazon.com/images/I/216-OX9rBaL._SS200_.png"" height=""50px"" width=""50px""/>  Climate Pledge Friendly|<img alt="""" src=""https://m.media-amazon.com/images/I/41Y2L-DZWfL._SS200_.png"" height=""50px"" width=""50px""/> Compact by Design (Certified by Amazon)",B00949CTQQ,https://m.media-amazon.com/images/I/61zhzjgd2xL._AC_UL320_.jpg|https://m.media-amazon.com/images/I/216-OX9rBaL._SS200_.png||
469,https://www.amazon.com/sspa/click?ie=UTF8&spc=MTo4MTU4NDg5NDY3ODM2NTg2OjE2Njg4MDI3MDA6c3BfYXRmOjIwMDAxNDQ1MTU1OTQ2MTo6MDo6&url=%2FChoice-SKIN-PERFECTING-Duo-Facial-Exfoliants-Exfoliators%2Fdp%2FB07TK4D5VD%2Fref%3Dsr_1_2_sspa%3Fcrid%3D1ZEPXYWTQ158R%26keywords%3Dexfoliator%26qid%3D1668802700%26sprefix%3Dexfoliator%2B%252Caps%252C92%26sr%3D8-2-spons%26sp_csd%3Dd2lkZ2V0TmFtZT1zcF9hdGY%26psc%3D1,Paula's Choice-SKIN PERFECTING 8% AHA Gel Exfoliant & 2% BHA Liquid Duo-Facial Exfoliants for Blackheads Enlarged Pores Wrinkles and Fine Lines Face Exfoliators w/ Glycolic Acid Salicylic Acid,Sponsored,4.5 out of 5 stars,"5,069",$61.00 ,"FREE delivery Fri, Nov 25 Or fastest delivery Sun, Nov 20|",B07TK4D5VD,https://m.media-amazon.com/images/I/717ZSVUevRL._AC_UL320_.jpg
470,https://www.amazon.com/sspa/click?ie=UTF8&spc=MTo4MTU4NDg5NDY3ODM2NTg2OjE2Njg4MDI3MDA6c3BfYXRmOjIwMDA3OTk5NDM1OTE5ODo6MDo6&url=%2FToyo-Full-body-Water-based-Exfoliator-Youthful%2Fdp%2FB001ABLKK2%2Fref%3Dsr_1_3_sspa%3Fcrid%3D1ZEPXYWTQ158R%26keywords%3Dexfoliator%26qid%3D1668802700%26sprefix%3Dexfoliator%2B%252Caps%252C92%26sr%3D8-3-spons%26sp_csd%3Dd2lkZ2V0TmFtZT1zcF9hdGY%26psc%3D1%26smid%3DA122XSS347LMJ,"Toyo - Cure Aqua Gel Gentle Exfoliator - Facial/Full-body Peeling Gel, Water-based Exfoliator, Dead Skin Remover for Bright, Youthful Skin, 250ml. - 1 Pack",Sponsored,4.5 out of 5 stars,"6,319",$39.00 ,"FREE delivery Fri, Nov 25 Or fastest delivery Sun, Nov 20||Small Business|Small Business|Small Business|<img alt="""" src=""https://m.media-amazon.com/images/I/111mHoVK0kL._SS200_.png"" height=""50px"" width=""50px""/>  Small Business|<img alt="""" src=""https://m.media-amazon.com/images/I/111mHoVK0kL._SS200_.png"" height=""50px"" width=""50px""/>  Small Business",B001ABLKK2,https://m.media-amazon.com/images/I/61kUGXTwsJL._AC_UL320_.jpg|https://m.media-amazon.com/images/I/111mHoVK0kL._SS200_.png|
471,https://www.amazon.com/sspa/click?ie=UTF8&spc=MTo4MTU4NDg5NDY3ODM2NTg2OjE2Njg4MDI3MDA6c3BfYXRmOjIwMDA5MDg1MjU4MDI1MTo6MDo6&url=%2FOlay-Advanced-Cleansing-Replacement-Packaging%2Fdp%2FB0043OWJG2%2Fref%3Dsr_1_4_sspa%3Fcrid%3D1ZEPXYWTQ158R%26keywords%3Dexfoliator%26qid%3D1668802700%26sprefix%3Dexfoliator%2B%252Caps%252C92%26sr%3D8-4-spons%26sp_csd%3Dd2lkZ2V0TmFtZT1zcF9hdGY%26psc%3D1,"Facial Cleaning Brush by Olay ProX by Olay Advanced Facial Cleansing System Replacement Brush Heads, 2 Count",Sponsored,4.7 out of 5 stars,"6,763",$9.99 ,"FREE delivery Fri, Nov 25 on $25 of items shipped by AmazonOr fastest delivery Tue, Nov 22|",B0043OWJG2,https://m.media-amazon.com/images/I/717WYJTATmL._AC_UL320_.jpg
472,https://www.amazon.com/Paulas-Choice-SKIN-PERFECTING-Exfoliant-Facial-Lines-1-1oz/dp/B07C5SS6YD/ref=sr_1_5?crid=1ZEPXYWTQ158R&keywords=exfoliator&qid=1668802700&sprefix=exfoliator+%2Caps%2C92&sr=8-5,"Paula's Choice Skin Perfecting 2% BHA Liquid Salicylic Acid Exfoliant, Gentle Facial Exfoliator for Blackheads, Large Pores, Wrinkles & Fine Lines, Travel Size, 1 Fluid Ounce - PACKAGING MAY VARY",1 Fl Oz (Pack of 1),4.6 out of 5 stars,"75,675",$13.00 ,"FREE delivery Fri, Nov 25 on $25 of items shipped by AmazonOr fastest delivery Sun, Nov 20|",B07C5SS6YD,https://m.media-amazon.com/images/I/61jy4NdM7RL._AC_UL320_.jpg
473,https://www.amazon.com/Exfoliating-Brush-Ingrown-Razor-Treatment/dp/B074DX5B8V/ref=sr_1_6?crid=1ZEPXYWTQ158R&keywords=exfoliator&qid=1668802700&sprefix=exfoliator+%2Caps%2C92&sr=8-6,"Dylonic Exfoliating Silicone Body Scrubber - Razor Bump Brush + Ingrown Hair Treatment Exfoliator Loofah | Eliminate Shaving Irritation for Legs, Armpit, Bikini Line | Smooth Skin Solution Men + Women",($6.99/Count),4.3 out of 5 stars,"33,669",$6.99 ,"FREE delivery Fri, Nov 25 on $25 of items shipped by AmazonOr fastest delivery Sun, Nov 20|",B074DX5B8V,https://m.media-amazon.com/images/I/918XiUxIoOL._AC_UL320_.jpg
474,https://www.amazon.com/Premium-Exfoliating-Mitts-Exfoliation-Microdermabrasion/dp/B07NHZP4FW/ref=sr_1_7?crid=1ZEPXYWTQ158R&keywords=exfoliator&qid=1668802700&sprefix=exfoliator+%2Caps%2C92&sr=8-7,"Seraphic Skincare Korean Exfoliating Mitts (2pcs) Microdermabrasion at Home Exfoliating Gloves Visibly Lift Away Dead Skin, Great for Spray Tan Removal or Keratosis Pilaris, Made of 100% Viscose Fiber",2 Count (Pack of 1),4.3 out of 5 stars,"27,096",$10.99 ,"FREE delivery Fri, Nov 25 on $25 of items shipped by AmazonOr fastest delivery Sun, Nov 20||Small Business|Small Business|Small Business|<img alt="""" src=""https://m.media-amazon.com/images/I/111mHoVK0kL._SS200_.png"" height=""50px"" width=""50px""/>  Small Business|<img alt="""" src=""https://m.media-amazon.com/images/I/111mHoVK0kL._SS200_.png"" height=""50px"" width=""50px""/>  Small Business",B07NHZP4FW,https://m.media-amazon.com/images/I/71egG3MG19L._AC_UL320_.jpg|https://m.media-amazon.com/images/I/111mHoVK0kL._SS200_.png|
475,https://www.amazon.com/sspa/click?ie=UTF8&spc=MTo2MjkwNjk3NzE4MTExNDM3OjE2Njg4MDI3MDA6c3Bfc2VhcmNoX3RoZW1hdGljOjIwMDA3OTk5NDM1OTE5ODo6MDo6&url=%2FToyo-Full-body-Water-based-Exfoliator-Youthful%2Fdp%2FB001ABLKK2%2Fref%3Dsxin_16_pa_sp_search_thematic_sspa%3Fcontent-id%3Damzn1.sym.4e7a2229-074e-44de-95c4-9fd858f46295%253Aamzn1.sym.4e7a2229-074e-44de-95c4-9fd858f46295%26crid%3D1ZEPXYWTQ158R%26cv_ct_cx%3Dexfoliator%26keywords%3Dexfoliator%26pd_rd_i%3DB001ABLKK2%26pd_rd_r%3D435427de-8c56-42b4-9c3f-ad824b3890e1%26pd_rd_w%3DdshJ0%26pd_rd_wg%3DgCKqr%26pf_rd_p%3D4e7a2229-074e-44de-95c4-9fd858f46295%26pf_rd_r%3D0EP419YA23YEW3VPE6NF%26qid%3D1668802700%26sprefix%3Dexfoliator%2B%252Caps%252C92%26sr%3D1-1-a73d1c8c-2fd2-4f19-aa41-2df022bcb241-spons%26sp_csd%3Dd2lkZ2V0TmFtZT1zcF9zZWFyY2hfdGhlbWF0aWM%26psc%3D1%26smid%3DA122XSS347LMJ,"Toyo - Cure Aqua Gel Gentle Exfoliator - Facial/Full-body Peeling Gel, Water-based Exfoliator, Dead Skin Remover for Bright, Youthful Skin, 250ml. - 1 Pack",Sponsored | Based on star rating and number of customer ratings,4.5 out of 5 stars|4.6 out of 5 stars|4.5 out of 5 stars|4.7 out of 5 stars|4.5 out of 5 stars,"6,319|75,675|5,069|1,739|1,599",$39.00 ,"Small Business|Small Business|Small Business|<img alt="""" src=""https://m.media-amazon.com/images/I/111mHoVK0kL._SS200_.png"" height=""50px"" width=""50px""/>  Small Business|<img alt="""" src=""https://m.media-amazon.com/images/I/111mHoVK0kL._SS200_.png"" height=""50px"" width=""50px""/>  Small Business|Climate Pledge Friendly|Climate Pledge Friendly|Climate Pledge Friendly|<img alt="""" src=""https://m.media-amazon.com/images/I/216-OX9rBaL._SS200_.png"" height=""50px"" width=""50px""/>  Climate Pledge Friendly|<img alt="""" src=""https://m.media-amazon.com/images/I/216-OX9rBaL._SS200_.png"" height=""50px"" width=""50px""/>  Climate Pledge Friendly|<img alt="""" src=""https://m.media-amazon.com/images/I/41Y2L-DZWfL._SS200_.png"" height=""50px"" width=""50px""/> Compact by Design (Certified by Amazon)|Small Business|Small Business|Small Business|<img alt="""" src=""https://m.media-amazon.com/images/I/111mHoVK0kL._SS200_.png"" height=""50px"" width=""50px""/>  Small Business|<img alt="""" src=""https://m.media-amazon.com/images/I/111mHoVK0kL._SS200_.png"" height=""50px"" width=""50px""/>  Small Business",,https://m.media-amazon.com/images/I/61kUGXTwsJL._AC_UL320_.jpg|https://m.media-amazon.com/images/I/111mHoVK0kL._SS200_.png||https://m.media-amazon.com/images/I/61zhzjgd2xL._AC_UL320_.jpg|https://m.media-amazon.com/images/I/216-OX9rBaL._SS200_.png|||https://m.media-amazon.com/images/I/717ZSVUevRL._AC_UL320_.jpg|https://m.media-amazon.com/images/I/51OUXQFY7ZL._AC_UL320_.jpg|https://m.media-amazon.com/images/I/111mHoVK0kL._SS200_.png||https://m.media-amazon.com/images/I/41ZWlrraSAL._AC_UL320_.jpg
476,https://www.amazon.com/sspa/click?ie=UTF8&spc=MTo2MjkwNjk3NzE4MTExNDM3OjE2Njg4MDI3MDA6c3Bfc2VhcmNoX3RoZW1hdGljOjIwMDA3OTk5NDM1OTE5ODo6MDo6&url=%2FToyo-Full-body-Water-based-Exfoliator-Youthful%2Fdp%2FB001ABLKK2%2Fref%3Dsxin_16_pa_sp_search_thematic_sspa%3Fcontent-id%3Damzn1.sym.4e7a2229-074e-44de-95c4-9fd858f46295%253Aamzn1.sym.4e7a2229-074e-44de-95c4-9fd858f46295%26crid%3D1ZEPXYWTQ158R%26cv_ct_cx%3Dexfoliator%26keywords%3Dexfoliator%26pd_rd_i%3DB001ABLKK2%26pd_rd_r%3D435427de-8c56-42b4-9c3f-ad824b3890e1%26pd_rd_w%3DdshJ0%26pd_rd_wg%3DgCKqr%26pf_rd_p%3D4e7a2229-074e-44de-95c4-9fd858f46295%26pf_rd_r%3D0EP419YA23YEW3VPE6NF%26qid%3D1668802700%26sprefix%3Dexfoliator%2B%252Caps%252C92%26sr%3D1-1-a73d1c8c-2fd2-4f19-aa41-2df022bcb241-spons%26sp_csd%3Dd2lkZ2V0TmFtZT1zcF9zZWFyY2hfdGhlbWF0aWM%26psc%3D1%26smid%3DA122XSS347LMJ,"Toyo - Cure Aqua Gel Gentle Exfoliator - Facial/Full-body Peeling Gel, Water-based Exfoliator, Dead Skin Remover for Bright, Youthful Skin, 250ml. - 1 Pack",8.5 Ounce (Pack of 1),4.5 out of 5 stars,"6,319",$39.00 ,"Small Business|Small Business|Small Business|<img alt="""" src=""https://m.media-amazon.com/images/I/111mHoVK0kL._SS200_.png"" height=""50px"" width=""50px""/>  Small Business|<img alt="""" src=""https://m.media-amazon.com/images/I/111mHoVK0kL._SS200_.png"" height=""50px"" width=""50px""/>  Small Business",B001ABLKK2,https://m.media-amazon.com/images/I/61kUGXTwsJL._AC_UL320_.jpg|https://m.media-amazon.com/images/I/111mHoVK0kL._SS200_.png|
477,https://www.amazon.com/sspa/click?ie=UTF8&spc=MTo2MjkwNjk3NzE4MTExNDM3OjE2Njg4MDI3MDA6c3Bfc2VhcmNoX3RoZW1hdGljOjIwMDAwNjg5NTA2NDU2MTo6MTo6&url=%2FPaulas-Choice-SKIN-PERFECTING-Exfoliant-Facial-Blackheads%2Fdp%2FB00949CTQQ%2Fref%3Dsxin_16_pa_sp_search_thematic_sspa%3Fcontent-id%3Damzn1.sym.4e7a2229-074e-44de-95c4-9fd858f46295%253Aamzn1.sym.4e7a2229-074e-44de-95c4-9fd858f46295%26crid%3D1ZEPXYWTQ158R%26cv_ct_cx%3Dexfoliator%26keywords%3Dexfoliator%26pd_rd_i%3DB00949CTQQ%26pd_rd_r%3D435427de-8c56-42b4-9c3f-ad824b3890e1%26pd_rd_w%3DdshJ0%26pd_rd_wg%3DgCKqr%26pf_rd_p%3D4e7a2229-074e-44de-95c4-9fd858f46295%26pf_rd_r%3D0EP419YA23YEW3VPE6NF%26qid%3D1668802700%26sprefix%3Dexfoliator%2B%252Caps%252C92%26sr%3D1-2-a73d1c8c-2fd2-4f19-aa41-2df022bcb241-spons%26sp_csd%3Dd2lkZ2V0TmFtZT1zcF9zZWFyY2hfdGhlbWF0aWM%26psc%3D1%26smid%3DAFDRC8T2FYEHK,"Paulas Choice--SKIN PERFECTING 2% BHA Liquid Salicylic Acid Exfoliant--Facial Exfoliant for Blackheads, Enlarged Pores, Wrinkles & Fine Lines, 4 oz Bottle",4 Fl Oz (Pack of 1),4.6 out of 5 stars,"75,675",$34.00 ,"Climate Pledge Friendly|Climate Pledge Friendly|Climate Pledge Friendly|<img alt="""" src=""https://m.media-amazon.com/images/I/216-OX9rBaL._SS200_.png"" height=""50px"" width=""50px""/>  Climate Pledge Friendly|<img alt="""" src=""https://m.media-amazon.com/images/I/216-OX9rBaL._SS200_.png"" height=""50px"" width=""50px""/>  Climate Pledge Friendly|<img alt="""" src=""https://m.media-amazon.com/images/I/41Y2L-DZWfL._SS200_.png"" height=""50px"" width=""50px""/> Compact by Design (Certified by Amazon)",B00949CTQQ,https://m.media-amazon.com/images/I/61zhzjgd2xL._AC_UL320_.jpg|https://m.media-amazon.com/images/I/216-OX9rBaL._SS200_.png||
478,https://www.amazon.com/sspa/click?ie=UTF8&spc=MTo2MjkwNjk3NzE4MTExNDM3OjE2Njg4MDI3MDA6c3Bfc2VhcmNoX3RoZW1hdGljOjIwMDAxNDQ1MTU1OTQ2MTo6Mjo6&url=%2FChoice-SKIN-PERFECTING-Duo-Facial-Exfoliants-Exfoliators%2Fdp%2FB07TK4D5VD%2Fref%3Dsxin_16_pa_sp_search_thematic_sspa%3Fcontent-id%3Damzn1.sym.4e7a2229-074e-44de-95c4-9fd858f46295%253Aamzn1.sym.4e7a2229-074e-44de-95c4-9fd858f46295%26crid%3D1ZEPXYWTQ158R%26cv_ct_cx%3Dexfoliator%26keywords%3Dexfoliator%26pd_rd_i%3DB07TK4D5VD%26pd_rd_r%3D435427de-8c56-42b4-9c3f-ad824b3890e1%26pd_rd_w%3DdshJ0%26pd_rd_wg%3DgCKqr%26pf_rd_p%3D4e7a2229-074e-44de-95c4-9fd858f46295%26pf_rd_r%3D0EP419YA23YEW3VPE6NF%26qid%3D1668802700%26sprefix%3Dexfoliator%2B%252Caps%252C92%26sr%3D1-3-a73d1c8c-2fd2-4f19-aa41-2df022bcb241-spons%26sp_csd%3Dd2lkZ2V0TmFtZT1zcF9zZWFyY2hfdGhlbWF0aWM%26psc%3D1,Paula's Choice-SKIN PERFECTING 8% AHA Gel Exfoliant & 2% BHA Liquid Duo-Facial Exfoliants for Blackheads Enlarged Pores Wrinkles and Fine Lines Face Exfoliators w/ Glycolic Acid Salicylic Acid,($61.00/Count),4.5 out of 5 stars,"5,069",$61.00 ,,B07TK4D5VD,https://m.media-amazon.com/images/I/717ZSVUevRL._AC_UL320_.jpg
479,https://www.amazon.com/sspa/click?ie=UTF8&spc=MTo2MjkwNjk3NzE4MTExNDM3OjE2Njg4MDI3MDA6c3Bfc2VhcmNoX3RoZW1hdGljOjIwMDA5MzY0NTAxNzM5ODo6Mzo6&url=%2FNassifMD-Radiance-Exfoliating-Salicylic-Resurfacing%2Fdp%2FB07JMW3YKZ%2Fref%3Dsxin_16_pa_sp_search_thematic_sspa%3Fcontent-id%3Damzn1.sym.4e7a2229-074e-44de-95c4-9fd858f46295%253Aamzn1.sym.4e7a2229-074e-44de-95c4-9fd858f46295%26crid%3D1ZEPXYWTQ158R%26cv_ct_cx%3Dexfoliator%26keywords%3Dexfoliator%26pd_rd_i%3DB07JMW3YKZ%26pd_rd_r%3D435427de-8c56-42b4-9c3f-ad824b3890e1%26pd_rd_w%3DdshJ0%26pd_rd_wg%3DgCKqr%26pf_rd_p%3D4e7a2229-074e-44de-95c4-9fd858f46295%26pf_rd_r%3D0EP419YA23YEW3VPE6NF%26qid%3D1668802700%26sprefix%3Dexfoliator%2B%252Caps%252C92%26sr%3D1-4-a73d1c8c-2fd2-4f19-aa41-2df022bcb241-spons%26sp_csd%3Dd2lkZ2V0TmFtZT1zcF9zZWFyY2hfdGhlbWF0aWM%26psc%3D1,"NassifMD Detox Pads Facial Radiance Pads, Glycolic Acid Pads, Face Exfoliating Pads Salicylic Acid Wipes, Facial Scrub Pads, BHA AHA Pads, Resurfacing Pads for Face (30 Count or 60 Count)",60 Count (Pack of 1),4.7 out of 5 stars,"1,739",$49.00 ,"Small Business|Small Business|Small Business|<img alt="""" src=""https://m.media-amazon.com/images/I/111mHoVK0kL._SS200_.png"" height=""50px"" width=""50px""/>  Small Business|<img alt="""" src=""https://m.media-amazon.com/images/I/111mHoVK0kL._SS200_.png"" height=""50px"" width=""50px""/>  Small Business",B07JMW3YKZ,https://m.media-amazon.com/images/I/51OUXQFY7ZL._AC_UL320_.jpg|https://m.media-amazon.com/images/I/111mHoVK0kL._SS200_.png|
480,https://www.amazon.com/sspa/click?ie=UTF8&spc=MTo2MjkwNjk3NzE4MTExNDM3OjE2Njg4MDI3MDA6c3Bfc2VhcmNoX3RoZW1hdGljOjIwMDA3NTM4OTYyMjQ5ODo6NDo6&url=%2FKate-Somerville-ExfoliKate-Exfoliating-Treatment-2%2Fdp%2FB002M3NV2C%2Fref%3Dsxin_16_pa_sp_search_thematic_sspa%3Fcontent-id%3Damzn1.sym.4e7a2229-074e-44de-95c4-9fd858f46295%253Aamzn1.sym.4e7a2229-074e-44de-95c4-9fd858f46295%26crid%3D1ZEPXYWTQ158R%26cv_ct_cx%3Dexfoliator%26keywords%3Dexfoliator%26pd_rd_i%3DB002M3NV2C%26pd_rd_r%3D435427de-8c56-42b4-9c3f-ad824b3890e1%26pd_rd_w%3DdshJ0%26pd_rd_wg%3DgCKqr%26pf_rd_p%3D4e7a2229-074e-44de-95c4-9fd858f46295%26pf_rd_r%3D0EP419YA23YEW3VPE6NF%26qid%3D1668802700%26sprefix%3Dexfoliator%2B%252Caps%252C92%26sr%3D1-5-a73d1c8c-2fd2-4f19-aa41-2df022bcb241-spons%26sp_csd%3Dd2lkZ2V0TmFtZT1zcF9zZWFyY2hfdGhlbWF0aWM%26psc%3D1,Kate Somerville ExfoliKate Intensive Exfoliating Treatment – Salicylic Acid and Lactic Acid Super Facial Scrub Improves Texture and Pores,2 Fl Oz (Pack of 1),4.5 out of 5 stars,"1,599",$98.00 ,,B002M3NV2C,https://m.media-amazon.com/images/I/41ZWlrraSAL._AC_UL320_.jpg
482,https://www.amazon.com/First-Aid-Beauty-Exfoliant-Keratosis/dp/B08GNS58PQ/ref=sr_1_8?crid=1ZEPXYWTQ158R&keywords=exfoliator&qid=1668802700&sprefix=exfoliator+%2Caps%2C92&sr=8-8,First Aid Beauty KP Bump Eraser Body Scrub Exfoliant for Keratosis Pilaris with 10% AHA 2 oz.,2 Ounce (Pack of 1),4.4 out of 5 stars,"26,785",$12.00 ,"FREE delivery Fri, Nov 25 on $25 of items shipped by AmazonOr fastest delivery Sun, Nov 20||Small Business|Small Business|Small Business|<img alt="""" src=""https://m.media-amazon.com/images/I/111mHoVK0kL._SS200_.png"" height=""50px"" width=""50px""/>  Small Business|<img alt="""" src=""https://m.media-amazon.com/images/I/111mHoVK0kL._SS200_.png"" height=""50px"" width=""50px""/>  Small Business",B08GNS58PQ,https://m.media-amazon.com/images/I/61jN22-TY5L._AC_UL320_.jpg|https://m.media-amazon.com/images/I/111mHoVK0kL._SS200_.png|
483,https://www.amazon.com/Exfoliating-Treatment-Silicone-Scrubbers-Exfoliator/dp/B07FTYLGC4/ref=sr_1_9?crid=1ZEPXYWTQ158R&keywords=exfoliator&qid=1668802700&sprefix=exfoliator+%2Caps%2C92&sr=8-9,"Exfoliating Brush For Razor Bumps and Ingrown Hair Treatment, Silicone Face Scrubbers, Face and Body Exfoliator Set - Perfect for Dry Brushing, by Dylonic",2 Piece Set,4.3 out of 5 stars,"8,107",$9.99 ,"FREE delivery Fri, Nov 25 on $25 of items shipped by AmazonOr fastest delivery Sun, Nov 20|",B07FTYLGC4,https://m.media-amazon.com/images/I/81QAqXV-kNL._AC_UL320_.jpg
484,https://www.amazon.com/Dove-Exfoliating-Polish-Scrub-Macadamia/dp/B0794N16ZD/ref=sr_1_10?crid=1ZEPXYWTQ158R&keywords=exfoliator&qid=1668802700&sprefix=exfoliator+%2Caps%2C92&sr=8-10,Dove Exfoliating Body Polish Scrub Reveals Visibly Smoother Skin Macadamia and Rice Milk Body Scrub That Nourishes Skin 10.5 oz,10.5 Ounce (Pack of 1),4.7 out of 5 stars,"25,117",$6.97 ,"FREE delivery Fri, Nov 25 on $25 of items shipped by AmazonOr fastest delivery Sun, Nov 20|",B0794N16ZD,https://m.media-amazon.com/images/I/71orTg2p7DL._AC_UL320_.jpg
485,https://www.amazon.com/MainBasics-Round-Brushing-Body-Brush/dp/B08DP1VHX1/ref=sr_1_11?crid=1ZEPXYWTQ158R&keywords=exfoliator&qid=1668802700&sprefix=exfoliator+%2Caps%2C92&sr=8-11,"MainBasics Dry Body Brush Exfoliating Body Scrubber - Boar Bristles & Massage Nodules for Dry Skin, Blood Circulation, Cellulite Treatment, and Lymphatic Drainage",1 Count (Pack of 1),4.5 out of 5 stars,"7,849",$7.99 ,"FREE delivery Fri, Nov 25 on $25 of items shipped by AmazonOr fastest delivery Sun, Nov 20||Small Business|Small Business|Small Business|<img alt="""" src=""https://m.media-amazon.com/images/I/111mHoVK0kL._SS200_.png"" height=""50px"" width=""50px""/>  Small Business|<img alt="""" src=""https://m.media-amazon.com/images/I/111mHoVK0kL._SS200_.png"" height=""50px"" width=""50px""/>  Small Business",B08DP1VHX1,https://m.media-amazon.com/images/I/81yT2eafHnL._AC_UL320_.jpg|https://m.media-amazon.com/images/I/111mHoVK0kL._SS200_.png|
486,https://www.amazon.com/facial-cleansing-brush-scrubber/dp/B09MZLKZHS/ref=sr_1_12?crid=1ZEPXYWTQ158R&keywords=exfoliator&qid=1668802700&sprefix=exfoliator+%2Caps%2C92&sr=8-12,Facial Cleansing Brush | Face Scrubber Exfoliator Wash Cleansing Exfoliating Powered Electric Brushes Spin Cleanser Cleaning Scrub Oily Mixed Normal Dry Skin Including 7 Heads (Opal),($9.99/Count),4.1 out of 5 stars,"2,341",$9.99 ,"FREE delivery Fri, Nov 25 on $25 of items shipped by AmazonOr fastest delivery Sun, Nov 20|",B09MZLKZHS,https://m.media-amazon.com/images/I/61C27LOkFlL._AC_UL320_.jpg
487,https://www.amazon.com/Facial-Cleansing-Brush-Face-Scrubber/dp/B09KNNN535/ref=sr_1_13?crid=1ZEPXYWTQ158R&keywords=exfoliator&qid=1668802700&sprefix=exfoliator+%2Caps%2C92&sr=8-13,Facial Cleansing Brush Face Scrubber: Electric Exfoliating Spin Cleanser Device Waterproof Deep Cleaning Exfoliation Rotating Spa Machine - Electronic Acne Skin Washer Spinning System Christmas Set,($17.99/Count),4.4 out of 5 stars,"2,398",$17.99 ,"FREE delivery Fri, Nov 25 on $25 of items shipped by AmazonOr fastest delivery Sun, Nov 20|",B09KNNN535,https://m.media-amazon.com/images/I/51oXoXqcNRL._AC_UL320_.jpg
488,https://www.amazon.com/sspa/click?ie=UTF8&spc=MTozMDU1NDg5OTAwODAzMjAwOjE2Njg4MDI3MDA6c3Bfc2VhcmNoX3RoZW1hdGljOjIwMDAwNjg5NTA2NDU2MTo6MDo6&url=%2FPaulas-Choice-SKIN-PERFECTING-Exfoliant-Facial-Blackheads%2Fdp%2FB00949CTQQ%2Fref%3Dsxin_24_pa_sp_search_thematic-asin_sspa%3Fcontent-id%3Damzn1.sym.4228d1d7-b9a2-4dcc-9504-1ef42bcf486a%253Aamzn1.sym.4228d1d7-b9a2-4dcc-9504-1ef42bcf486a%26crid%3D1ZEPXYWTQ158R%26cv_ct_cx%3Dexfoliator%26keywords%3Dexfoliator%26pd_rd_i%3DB00949CTQQ%26pd_rd_r%3D435427de-8c56-42b4-9c3f-ad824b3890e1%26pd_rd_w%3Do9rSX%26pd_rd_wg%3DgCKqr%26pf_rd_p%3D4228d1d7-b9a2-4dcc-9504-1ef42bcf486a%26pf_rd_r%3D0EP419YA23YEW3VPE6NF%26qid%3D1668802700%26sprefix%3Dexfoliator%2B%252Caps%252C92%26sr%3D1-1-4a643ae4-6005-4b15-bc31-2c5125e2b25b-spons%26sp_csd%3Dd2lkZ2V0TmFtZT1zcF9zZWFyY2hfdGhlbWF0aWM%26psc%3D1%26smid%3DAFDRC8T2FYEHK,"Paulas Choice--SKIN PERFECTING 2% BHA Liquid Salicylic Acid Exfoliant--Facial Exfoliant for Blackheads, Enlarged Pores, Wrinkles & Fine Lines, 4 oz Bottle","Shop products with sustainability certifications, as part of our commitment to help preserve the natural world. Time is fleeting.",4.6 out of 5 stars|4.5 out of 5 stars|4.4 out of 5 stars|4.2 out of 5 stars|4.4 out of 5 stars|4.2 out of 5 stars|4.3 out of 5 stars,"75,675|7,075|1,559|1,009|735|251|113",$34.00 ,"Climate Pledge Friendly|Climate Pledge Friendly|Climate Pledge Friendly|<img alt="""" src=""https://m.media-amazon.com/images/I/216-OX9rBaL._SS200_.png"" height=""50px"" width=""50px""/>  Climate Pledge Friendly|<img alt="""" src=""https://m.media-amazon.com/images/I/216-OX9rBaL._SS200_.png"" height=""50px"" width=""50px""/>  Climate Pledge Friendly|<img alt="""" src=""https://m.media-amazon.com/images/I/41Y2L-DZWfL._SS200_.png"" height=""50px"" width=""50px""/> Compact by Design (Certified by Amazon)|Climate Pledge Friendly  Small Business|Climate Pledge Friendly|Climate Pledge Friendly|Small Business|Small Business|<img alt="""" src=""https://m.media-amazon.com/images/I/216-OX9rBaL._SS200_.png"" height=""50px"" width=""50px""/>  Climate Pledge Friendly|<img alt="""" src=""https://m.media-amazon.com/images/I/216-OX9rBaL._SS200_.png"" height=""50px"" width=""50px""/>  Climate Pledge Friendly|<img alt="""" src=""https://m.media-amazon.com/images/I/51vC-CaTYRL._SS200_.png"" height=""50px"" width=""50px""/> Carbonfree Certified|<img alt="""" src=""https://m.media-amazon.com/images/I/111mHoVK0kL._SS200_.png"" height=""50px"" width=""50px""/>  Small Business|<img alt="""" src=""https://m.media-amazon.com/images/I/111mHoVK0kL._SS200_.png"" height=""50px"" width=""50px""/>  Small Business|Climate Pledge Friendly|Climate Pledge Friendly|Climate Pledge Friendly|<img alt="""" src=""https://m.media-amazon.com/images/I/216-OX9rBaL._SS200_.png"" height=""50px"" width=""50px""/>  Climate Pledge Friendly|<img alt="""" src=""https://m.media-amazon.com/images/I/216-OX9rBaL._SS200_.png"" height=""50px"" width=""50px""/>  Climate Pledge Friendly|<img alt="""" src=""https://m.media-amazon.com/images/I/51vC-CaTYRL._SS200_.png"" height=""50px"" width=""50px""/> Carbonfree Certified|Climate Pledge Friendly|Climate Pledge Friendly|Climate Pledge Friendly|<img alt="""" src=""https://m.media-amazon.com/images/I/216-OX9rBaL._SS200_.png"" height=""50px"" width=""50px""/>  Climate Pledge Friendly|<img alt="""" src=""https://m.media-amazon.com/images/I/216-OX9rBaL._SS200_.png"" height=""50px"" width=""50px""/>  Climate Pledge Friendly|<img alt="""" src=""https://m.media-amazon.com/images/I/41Y2L-DZWfL._SS200_.png"" height=""50px"" width=""50px""/> Compact by Design (Certified by Amazon)|Climate Pledge Friendly  Small Business|Climate Pledge Friendly|Climate Pledge Friendly|Small Business|Small Business|<img alt="""" src=""https://m.media-amazon.com/images/I/216-OX9rBaL._SS200_.png"" height=""50px"" width=""50px""/>  Climate Pledge Friendly|<img alt="""" src=""https://m.media-amazon.com/images/I/216-OX9rBaL._SS200_.png"" height=""50px"" width=""50px""/>  Climate Pledge Friendly|<img alt="""" src=""https://m.media-amazon.com/images/I/31P6BHLM8wL._SS200_.png"" height=""50px"" width=""50px""/> USDA Organic|<img alt="""" src=""https://m.media-amazon.com/images/I/111mHoVK0kL._SS200_.png"" height=""50px"" width=""50px""/>  Small Business|<img alt="""" src=""https://m.media-amazon.com/images/I/111mHoVK0kL._SS200_.png"" height=""50px"" width=""50px""/>  Small Business|Climate Pledge Friendly  Small Business|Climate Pledge Friendly|Climate Pledge Friendly|Small Business|Small Business|<img alt="""" src=""https://m.media-amazon.com/images/I/216-OX9rBaL._SS200_.png"" height=""50px"" width=""50px""/>  Climate Pledge Friendly|<img alt="""" src=""https://m.media-amazon.com/images/I/216-OX9rBaL._SS200_.png"" height=""50px"" width=""50px""/>  Climate Pledge Friendly|<img alt="""" src=""https://m.media-amazon.com/images/I/31P6BHLM8wL._SS200_.png"" height=""50px"" width=""50px""/> USDA Organic|<img alt="""" src=""https://m.media-amazon.com/images/I/111mHoVK0kL._SS200_.png"" height=""50px"" width=""50px""/>  Small Business|<img alt="""" src=""https://m.media-amazon.com/images/I/111mHoVK0kL._SS200_.png"" height=""50px"" width=""50px""/>  Small Business|Climate Pledge Friendly  Small Business|Climate Pledge Friendly|Climate Pledge Friendly|Small Business|Small Business|<img alt="""" src=""https://m.media-amazon.com/images/I/216-OX9rBaL._SS200_.png"" height=""50px"" width=""50px""/>  Climate Pledge Friendly|<img alt="""" src=""https://m.media-amazon.com/images/I/216-OX9rBaL._SS200_.png"" height=""50px"" width=""50px""/>  Climate Pledge Friendly|<img alt="""" src=""https://m.media-amazon.com/images/I/41Y2L-DZWfL._SS200_.png"" height=""50px"" width=""50px""/> Compact by Design (Certified by Amazon)|<img alt="""" src=""https://m.media-amazon.com/images/I/111mHoVK0kL._SS200_.png"" height=""50px"" width=""50px""/>  Small Business|<img alt="""" src=""https://m.media-amazon.com/images/I/111mHoVK0kL._SS200_.png"" height=""50px"" width=""50px""/>  Small Business",,https://m.media-amazon.com/images/I/61zhzjgd2xL._AC_UL320_.jpg|https://m.media-amazon.com/images/I/216-OX9rBaL._SS200_.png|||https://m.media-amazon.com/images/I/61f6EBq7H9L._AC_UL320_.jpg|https://m.media-amazon.com/images/I/216-OX9rBaL._SS200_.png|https://m.media-amazon.com/images/I/111mHoVK0kL._SS200_.png||||https://m.media-amazon.com/images/I/719Z8IH18gL._AC_UL320_.jpg|https://m.media-amazon.com/images/I/216-OX9rBaL._SS200_.png|||https://m.media-amazon.com/images/I/713h071hSiS._AC_UL320_.jpg|https://m.media-amazon.com/images/I/216-OX9rBaL._SS200_.png|||https://m.media-amazon.com/images/I/715R1x+HwWL._AC_UL320_.jpg|https://m.media-amazon.com/images/I/216-OX9rBaL._SS200_.png|https://m.media-amazon.com/images/I/111mHoVK0kL._SS200_.png||||https://m.media-amazon.com/images/I/61Fko596pIL._AC_UL320_.jpg|https://m.media-amazon.com/images/I/216-OX9rBaL._SS200_.png|https://m.media-amazon.com/images/I/111mHoVK0kL._SS200_.png||||https://m.media-amazon.com/images/I/71-qq9m8f6L._AC_UL320_.jpg|https://m.media-amazon.com/images/I/216-OX9rBaL._SS200_.png|https://m.media-amazon.com/images/I/111mHoVK0kL._SS200_.png|||
489,https://aax-us-iad.amazon.com/x/c/RKo2mSQJ4ojDThfi-So46TAAAAGEjGRjRgEAAAH2AQBOL0EgICAgICAgICAgICBOL0EgICAgICAgICAgICD3l_7q/https://www.amazon.com/dp/B0000632EN?pd_rd_i=B0000632EN&pf_rd_p=b000e0a0-9e93-480f-bf78-a83c8136dfcb&pf_rd_r=0EP419YA23YEW3VPE6NF&pd_rd_wg=gCKqr&pd_rd_w=lm349&pd_rd_r=435427de-8c56-42b4-9c3f-ad824b3890e1,"Aveeno Positively Radiant Skin Brightening Exfoliating Daily Facial Scrub, Moisture-Rich Soy Extract, helps improve skin tone & texture, Oil-& Soap-Free, Hypoallergenic, 5 oz",Sponsored,4.6 out of 5 stars,"34,739",$7.37 ,"FREE delivery Fri, Nov 25 on $25 of items shipped by AmazonOr fastest delivery Mon, Nov 21|",,
491,https://www.amazon.com/MainBasics-Exfoliating-Body-Scrub-Gloves/dp/B0B2FY25VR/ref=sr_1_14?crid=1ZEPXYWTQ158R&keywords=exfoliator&qid=1668802700&sprefix=exfoliator+%2Caps%2C92&sr=8-14,"MainBasics Exfoliating Body Scrub Gloves - Exfoliation Glove & Dead Skin Scrubber - Skin Exfoliator for Body - Shower Scrub for Deep Exfoliation - Spa, Massage, Daily Bath (1 Pair Heavy Shower Glove)",($3.00/Count),4.6 out of 5 stars,42,$5.99 ,"FREE delivery Fri, Nov 25 on $25 of items shipped by AmazonOr fastest delivery Sun, Nov 20||Small Business|Small Business|Small Business|<img alt="""" src=""https://m.media-amazon.com/images/I/111mHoVK0kL._SS200_.png"" height=""50px"" width=""50px""/>  Small Business|<img alt="""" src=""https://m.media-amazon.com/images/I/111mHoVK0kL._SS200_.png"" height=""50px"" width=""50px""/>  Small Business",B0B2FY25VR,https://m.media-amazon.com/images/I/91hQAzSsNqL._AC_UL320_.jpg|https://m.media-amazon.com/images/I/111mHoVK0kL._SS200_.png|
492,https://www.amazon.com/Microdermabrasion-Brightening-Exfoliating-Blackheads-Strawberry/dp/B0B2W4NZ2Y/ref=sr_1_15?crid=1ZEPXYWTQ158R&keywords=exfoliator&qid=1668802700&sprefix=exfoliator+%2Caps%2C92&sr=8-15,Vitamin C and Turmeric Face Scrub Cream Organics Microdermabrasion Facial Scrub Brightening Exfoliating Clears Blackheads Improve Dark Spot Acne with Strawberry Extract Exfoliator,4.2 Ounce (Pack of 1),4.4 out of 5 stars,132,$12.99 ,"FREE delivery Fri, Nov 25 on $25 of items shipped by AmazonOr fastest delivery Sun, Nov 20|",B0B2W4NZ2Y,https://m.media-amazon.com/images/I/71BqV5nwq+L._AC_UL320_.jpg
493,https://www.amazon.com/Tree-Hut-Hydrating-Exfoliating-Nourishing/dp/B007DGRT3K/ref=sr_1_16?crid=1ZEPXYWTQ158R&keywords=exfoliator&qid=1668802700&sprefix=exfoliator+%2Caps%2C92&sr=8-16,"Tree Hut Shea Sugar Scrub Tropical Mango, 18oz, Ultra Hydrating and Exfoliating Scrub for Nourishing Essential Body Care",1.12 Pound (Pack of 1),4.7 out of 5 stars,"104,644",$7.99 ,FREE delivery on $25 shipped by Amazon.,B007DGRT3K,https://m.media-amazon.com/images/I/51zLgWgsx6L._AC_UL320_.jpg
494,https://www.amazon.com/sspa/click?ie=UTF8&spc=MTo4MTU4NDg5NDY3ODM2NTg2OjE2Njg4MDI3MDA6c3BfbXRmOjIwMDA5NDA0NTk3MDg0MTo6MDo6&url=%2FCleansing-Anti-Aging-Moisturizing-Exfoliant-Sensitive%2Fdp%2FB08C8WDY8C%2Fref%3Dsr_1_17_sspa%3Fcrid%3D1ZEPXYWTQ158R%26keywords%3Dexfoliator%26qid%3D1668802700%26sprefix%3Dexfoliator%2B%252Caps%252C92%26sr%3D8-17-spons%26sp_csd%3Dd2lkZ2V0TmFtZT1zcF9tdGY%26psc%3D1,"Natural Honey Amber Exfoliating Face Scrub, Moisturizing Exfoliant Cleanser, Gentle Facial Exfoliator, Anti-Aging Dead Skin Remover, 2oz/60g Noacier",Featured from our brands,4.3 out of 5 stars,79,$19.99 ,"FREE delivery Fri, Nov 25 on $25 of items shipped by AmazonOr fastest delivery Sun, Nov 20|",B08C8WDY8C,https://m.media-amazon.com/images/I/61bbhRYkGwL._AC_UL320_.jpg
495,https://www.amazon.com/sspa/click?ie=UTF8&spc=MTo4MTU4NDg5NDY3ODM2NTg2OjE2Njg4MDI3MDA6c3BfbXRmOjIwMDA5NDg4NDczNDE5ODo6MDo6&url=%2FXINRUI-Exfoliating-Sponges-Scrubber-Exfoliator%2Fdp%2FB0B7J6S74N%2Fref%3Dsr_1_18_sspa%3Fcrid%3D1ZEPXYWTQ158R%26keywords%3Dexfoliator%26qid%3D1668802700%26sprefix%3Dexfoliator%2B%252Caps%252C92%26sr%3D8-18-spons%26sp_csd%3Dd2lkZ2V0TmFtZT1zcF9tdGY%26psc%3D1,"XINRUI Exfoliating Bath Sponge, 2PCS Soft Shower Sponges Dead Skin Remover Body Scrubber Spa Scrub Exfoliator for Women, Men and Kids( Blue & Grey)",Sponsored,5.0 out of 5 stars,1,$6.29 ,"FREE delivery Fri, Nov 25 on $25 of items shipped by AmazonOr fastest delivery Sun, Nov 20|",B0B7J6S74N,https://m.media-amazon.com/images/I/6199H+KyC1L._AC_UL320_.jpg
496,https://www.amazon.com/sspa/click?ie=UTF8&spc=MTo4MTU4NDg5NDY3ODM2NTg2OjE2Njg4MDI3MDA6c3BfbXRmOjIwMDA0NzA3NDIxODg5ODo6MDo6&url=%2Ffacial-cleansing-brush-scrubber%2Fdp%2FB09MZLKZHS%2Fref%3Dsr_1_19_sspa%3Fcrid%3D1ZEPXYWTQ158R%26keywords%3Dexfoliator%26qid%3D1668802700%26sprefix%3Dexfoliator%2B%252Caps%252C92%26sr%3D8-19-spons%26sp_csd%3Dd2lkZ2V0TmFtZT1zcF9tdGY%26psc%3D1,Facial Cleansing Brush | Face Scrubber Exfoliator Wash Cleansing Exfoliating Powered Electric Brushes Spin Cleanser Cleaning Scrub Oily Mixed Normal Dry Skin Including 7 Heads (Opal),Sponsored,4.1 out of 5 stars,"2,341",$9.99 ,"FREE delivery Fri, Nov 25 on $25 of items shipped by AmazonOr fastest delivery Sun, Nov 20|",B09MZLKZHS,https://m.media-amazon.com/images/I/61C27LOkFlL._AC_UL320_.jpg
497,https://www.amazon.com/sspa/click?ie=UTF8&spc=MTo4MTU4NDg5NDY3ODM2NTg2OjE2Njg4MDI3MDA6c3BfbXRmOjIwMDEwMDQ3MzI5NDc5ODo6MDo6&url=%2FDetachable-Dual-Sided-Bristles-Exfoliator-Mlifasty%2Fdp%2FB0B748XT8J%2Fref%3Dsr_1_20_sspa%3Fcrid%3D1ZEPXYWTQ158R%26keywords%3Dexfoliator%26qid%3D1668802700%26sprefix%3Dexfoliator%2B%252Caps%252C92%26sr%3D8-20-spons%26sp_csd%3Dd2lkZ2V0TmFtZT1zcF9tdGY%26psc%3D1,Detachable Dual-Sided Long Handle Shower Bath Brush with Soft and Stiff Bristles Back Scrubber Body Exfoliator Dry Brush Mlifasty,Sponsored,4.4 out of 5 stars,6,$9.89 ,"FREE delivery Fri, Nov 25 on $25 of items shipped by AmazonOr fastest delivery Sun, Nov 20|",B0B748XT8J,https://m.media-amazon.com/images/I/61q0zI3f17L._AC_UL320_.jpg
498,https://www.amazon.com/Exfoliator-Cellulite-Exfoliating-Formulated-Ingredients/dp/B0BGSYQ9NP/ref=sr_1_21?crid=1ZEPXYWTQ158R&keywords=exfoliator&qid=1668802700&sprefix=exfoliator+%2Caps%2C92&sr=8-21,"Butt Scrub Wash | Booty Scrub Body Exfoliator for Acne, Cellulite, Ingrown Hair, Bikini & Razor Bump | Exfoliating Body Scrub for Sensitive and All Skin Type | Body Scrub Exfoliator Formulated with Rosemary Extract, Centella Asiatica, and Other Natural Ingredients | Body Acne Wash for Body Acne, Ingrown Hair and Razor Bump | Butt Acne Scrub Wash | 6.8 oz",6.8 Fl Oz (Pack of 1),4.5 out of 5 stars,23,$14.99 ,"FREE delivery Fri, Nov 25 on $25 of items shipped by AmazonOr fastest delivery Sun, Nov 20|",B0BGSYQ9NP,https://m.media-amazon.com/images/I/51uOZoTqz7L._AC_UL320_.jpg
499,https://www.amazon.com/M3-Naturals-Exfoliating-Blackheads-Exfoliator/dp/B072J77FVC/ref=sr_1_22?crid=1ZEPXYWTQ158R&keywords=exfoliator&qid=1668802700&sprefix=exfoliator+%2Caps%2C92&sr=8-22,M3 Naturals Charcoal Exfoliating Body Scrub Polish with Collagen & Stem Cell Gentle Body Exfoliator Face Scrub Bump Eraser Booty Scrub Best Shower Scrub Skin Exfoliant for Men & Women Polish,12 Ounce (Pack of 1),4.4 out of 5 stars,"18,105",$26.40 ,"FREE delivery Fri, Nov 25 Or fastest delivery Sun, Nov 20||Small Business|Small Business|Small Business|<img alt="""" src=""https://m.media-amazon.com/images/I/111mHoVK0kL._SS200_.png"" height=""50px"" width=""50px""/>  Small Business|<img alt="""" src=""https://m.media-amazon.com/images/I/111mHoVK0kL._SS200_.png"" height=""50px"" width=""50px""/>  Small Business",B072J77FVC,https://m.media-amazon.com/images/I/91wJBWdqEpL._AC_UL320_.jpg|https://m.media-amazon.com/images/I/111mHoVK0kL._SS200_.png|
500,https://www.amazon.com/Slick-Solutions-Exfoliating-Gloves-pair/dp/B08KYC12JY/ref=sr_1_23?crid=1ZEPXYWTQ158R&keywords=exfoliator&qid=1668802700&sprefix=exfoliator+%2Caps%2C92&sr=8-23,"Slick- Exfoliating Gloves, 4 Pcs, Skin Exfoliator for Body, Shower Gloves, Scrub Gloves Exfoliating, Exfoliating Body Scrub Gloves, Shower Accessories for Women, Exfoliation Mitt, Bath Gloves",4 Count (Pack of 1),4.5 out of 5 stars,"2,151",$6.85 ,"FREE delivery Fri, Nov 25 on $25 of items shipped by AmazonOr fastest delivery Tue, Nov 22|",B08KYC12JY,https://m.media-amazon.com/images/I/A1RctqjPLSL._AC_UL320_.jpg
501,https://www.amazon.com/Premium-Exfoliating-Scrubbers-Exfoliator-Cleanser/dp/B081NKNMJW/ref=sr_1_24?crid=1ZEPXYWTQ158R&keywords=exfoliator&qid=1668802700&sprefix=exfoliator+%2Caps%2C92&sr=8-24,"Premium Exfoliating Facial Loofah Scrubbers, Natural Face Exfoliator Pad Cleanser Sponges for Clean and Vibrant Facial Skin - 6 Count(1 Pack)",6 Count (Pack of 1),4.3 out of 5 stars,"1,821",$12.97 ,"FREE delivery Fri, Nov 25 on $25 of items shipped by AmazonOr fastest delivery Sun, Nov 20|",B081NKNMJW,https://m.media-amazon.com/images/I/91pTHaehKzL._AC_UL320_.jpg
502,https://www.amazon.com/Differin-Brightening-Exfoliator-Improves-Texture/dp/B093VT7R7T/ref=sr_1_25?crid=1ZEPXYWTQ158R&keywords=exfoliator&qid=1668802700&sprefix=exfoliator+%2Caps%2C92&sr=8-25,"Differin Face Scrub Daily Brightening Exfoliator, Improves Tone and Texture for Acne Prone Skin, Green, 6 Fl Oz",6 Fl Oz (Pack of 1),4.5 out of 5 stars,"21,130",$8.99 ,FREE delivery Nov 23 - 29 Or fastest delivery Nov 22 - 23,B093VT7R7T,https://m.media-amazon.com/images/I/71NNC61-mVS._AC_UL320_.jpg
503,https://www.amazon.com/Non-Abrasive-Exfoliator-Enzymes-Cruelty-Parabens/dp/B07N16N8N5/ref=sr_1_26?crid=1ZEPXYWTQ158R&keywords=exfoliator&qid=1668802700&sprefix=exfoliator+%2Caps%2C92&sr=8-26,Bliss Jelly Glow Peel™ Gentle Non-Abrasive Exfoliator With Fruit Enzymes | Clean | Cruelty Free | Paraben Free | 4 oz,4 Fl Oz (Pack of 1),4.4 out of 5 stars,"3,520",$10.97 ,"FREE delivery Fri, Nov 25 on $25 of items shipped by AmazonOr fastest delivery Sun, Nov 20||Small Business|Small Business|Small Business|<img alt="""" src=""https://m.media-amazon.com/images/I/111mHoVK0kL._SS200_.png"" height=""50px"" width=""50px""/>  Small Business|<img alt="""" src=""https://m.media-amazon.com/images/I/111mHoVK0kL._SS200_.png"" height=""50px"" width=""50px""/>  Small Business",B07N16N8N5,https://m.media-amazon.com/images/I/51uvIjONAYL._AC_UL320_.jpg|https://m.media-amazon.com/images/I/111mHoVK0kL._SS200_.png|
504,https://www.amazon.com/Facial-Cleansing-Olay-Regenerist-Exfoliator/dp/B01DTYN4N8/ref=sr_1_27?crid=1ZEPXYWTQ158R&keywords=exfoliator&qid=1668802700&sprefix=exfoliator+%2Caps%2C92&sr=8-27,"Facial Cleansing Brush by Olay Regenerist, Face Exfoliator with 2 Brush Heads",1 Count (Pack of 1),4.5 out of 5 stars,"21,697",$23.72 ,"FREE delivery Fri, Nov 25 on $25 of items shipped by AmazonOr fastest delivery Sun, Nov 20|",B01DTYN4N8,https://m.media-amazon.com/images/I/81mUGylNI3L._AC_UL320_.jpg
505,https://www.amazon.com/Bristles-Handle-Exfoliation-Improve-Brushing/dp/B07R7SMSYQ/ref=sr_1_28?crid=1ZEPXYWTQ158R&keywords=exfoliator&qid=1668802700&sprefix=exfoliator+%2Caps%2C92&sr=8-28,"Upgraded Bath Body Brush with Comfy Bristles Long Handle Gentle Exfoliation Improve Skin's Health and Beauty Bath Shower Wet or Dry Brushing Body Brush (14 inch, Light Coral)",1 Count (Pack of 1),4.4 out of 5 stars,"20,039",$9.99 ,"FREE delivery Fri, Nov 25 on $25 of items shipped by AmazonOr fastest delivery Sun, Nov 20|",B07R7SMSYQ,https://m.media-amazon.com/images/I/41yKuvIW0sL._AC_UL320_.jpg
506,https://www.amazon.com/Dermalogica-Dermatologica-Microfoliant-Travel-0-45/dp/B001VMJSCW/ref=sr_1_29?crid=1ZEPXYWTQ158R&keywords=exfoliator&qid=1668802700&sprefix=exfoliator+%2Caps%2C92&sr=8-29,"Dermalogica Daily Microfoliant - Exfoliator Facial Scrub Powder - Achieve Brighter, Smoother Skin daily with Papaya Enzyme and Salicylic Acid",0.45 Ounce (Pack of 1),4.6 out of 5 stars,"6,924",$16.00 ,"FREE delivery Fri, Nov 25 on $25 of items shipped by AmazonOr fastest delivery Sun, Nov 20|",B001VMJSCW,https://m.media-amazon.com/images/I/61t234BeHCL._AC_UL320_.jpg
507,https://www.amazon.com/Facial-Sponge-Cleansing-Gentle-Exfoliating/dp/B07HGJ3JDJ/ref=sr_1_30?crid=1ZEPXYWTQ158R&keywords=exfoliator&qid=1668802700&sprefix=exfoliator+%2Caps%2C92&sr=8-30,"10 Pack Facial Sponge for Daily Cleansing and Gentle Exfoliating - Buff Puff Style Exfoliating Pads for Removing Dead Skin, Dirt and Makeup - Reusable Puf, Made in The USA",10 Count (Pack of 1),4.4 out of 5 stars,"5,217",$16.99 ,"FREE delivery Fri, Nov 25 on $25 of items shipped by AmazonOr fastest delivery Sun, Nov 20||Climate Pledge Friendly|Climate Pledge Friendly|Climate Pledge Friendly|<img alt="""" src=""https://m.media-amazon.com/images/I/216-OX9rBaL._SS200_.png"" height=""50px"" width=""50px""/>  Climate Pledge Friendly|<img alt="""" src=""https://m.media-amazon.com/images/I/216-OX9rBaL._SS200_.png"" height=""50px"" width=""50px""/>  Climate Pledge Friendly|<img alt="""" src=""https://m.media-amazon.com/images/I/41Y2L-DZWfL._SS200_.png"" height=""50px"" width=""50px""/> Compact by Design (Certified by Amazon)",B07HGJ3JDJ,https://m.media-amazon.com/images/I/71edvL2n07L._AC_UL320_.jpg|https://m.media-amazon.com/images/I/216-OX9rBaL._SS200_.png||
508,https://www.amazon.com/Microdermabrasion-Facial-Scrub-Face-Exfoliator/dp/B018H32LHQ/ref=sr_1_31?crid=1ZEPXYWTQ158R&keywords=exfoliator&qid=1668802700&sprefix=exfoliator+%2Caps%2C92&sr=8-31,"Era Organics Microdermabrasion Facial Scrub & Face Exfoliator - Spa Quality Exfoliating Face Mask with Manuka Honey & Walnut - Moisturizing Facial Exfoliant for Dry Skin, Blackheads, Wrinkles, Acne +",2 Ounce (Pack of 1),4.4 out of 5 stars,"16,860",$15.99 ,"FREE delivery Fri, Nov 25 on $25 of items shipped by AmazonOr fastest delivery Sun, Nov 20||Small Business|Small Business|Small Business|<img alt="""" src=""https://m.media-amazon.com/images/I/111mHoVK0kL._SS200_.png"" height=""50px"" width=""50px""/>  Small Business|<img alt="""" src=""https://m.media-amazon.com/images/I/111mHoVK0kL._SS200_.png"" height=""50px"" width=""50px""/>  Small Business",B018H32LHQ,https://m.media-amazon.com/images/I/71d53XNW5aL._AC_UL320_.jpg|https://m.media-amazon.com/images/I/111mHoVK0kL._SS200_.png|
509,https://www.amazon.com/Coconut-Milk-Body-Scrub-Essential/dp/B07TH9YNL7/ref=sr_1_32?crid=1ZEPXYWTQ158R&keywords=exfoliator&qid=1668802700&sprefix=exfoliator+%2Caps%2C92&sr=8-32,"Brooklyn Botany Coconut Milk Body Scrub - Moisturizing and Exfoliating Body, Face, Hand, Foot Scrub - Fights Stretch Marks, Fine Lines, Wrinkles - Great Gifts for Women & Men - 10.5 oz",10 Ounce (Pack of 1),4.3 out of 5 stars,"4,699",$9.99 ,"FREE delivery Fri, Nov 25 on $25 of items shipped by AmazonOr fastest delivery Sun, Nov 20||Small Business|Small Business|Small Business|<img alt="""" src=""https://m.media-amazon.com/images/I/111mHoVK0kL._SS200_.png"" height=""50px"" width=""50px""/>  Small Business|<img alt="""" src=""https://m.media-amazon.com/images/I/111mHoVK0kL._SS200_.png"" height=""50px"" width=""50px""/>  Small Business",B07TH9YNL7,https://m.media-amazon.com/images/I/81cK+Dye+tL._AC_UL320_.jpg|https://m.media-amazon.com/images/I/111mHoVK0kL._SS200_.png|
510,https://www.amazon.com/sspa/click?ie=UTF8&spc=MTo4MTU4NDg5NDY3ODM2NTg2OjE2Njg4MDI3MDA6c3BfbXRmOjIwMDA0MjA0NDQ5MTQ5ODo6MDo6&url=%2FBody-Prescriptions-Ultimate-Exfoliating-Charcoal%2Fdp%2FB09Q4W4PHW%2Fref%3Dsr_1_33_sspa%3Fcrid%3D1ZEPXYWTQ158R%26keywords%3Dexfoliator%26qid%3D1668802700%26sprefix%3Dexfoliator%2B%252Caps%252C92%26sr%3D8-33-spons%26sp_csd%3Dd2lkZ2V0TmFtZT1zcF9tdGY%26psc%3D1,"Body Prescriptions Body Scrub for Men- Ultimate Exfoliating Scrub Infused with Charcoal, Men’s Body Wash in Jar with Twist Top, 21 oz, For All Skin Types",Sponsored,4.5 out of 5 stars,656,$13.99 ,"FREE delivery Fri, Nov 25 on $25 of items shipped by AmazonOr fastest delivery Sun, Nov 20|",B09Q4W4PHW,https://m.media-amazon.com/images/I/71xYWFJJeUL._AC_UL320_.jpg
511,https://www.amazon.com/sspa/click?ie=UTF8&spc=MTo4MTU4NDg5NDY3ODM2NTg2OjE2Njg4MDI3MDA6c3BfbXRmOjIwMDEwNTYyMzUwNDk5ODo6MDo6&url=%2FD%25C3%2589RINNE-Innovativative-Blackheads-Ingredient-Microbeads%2Fdp%2FB0BLHWBVJ1%2Fref%3Dsr_1_34_sspa%3Fcrid%3D1ZEPXYWTQ158R%26keywords%3Dexfoliator%26qid%3D1668802700%26sprefix%3Dexfoliator%2B%252Caps%252C92%26sr%3D8-34-spons%26sp_csd%3Dd2lkZ2V0TmFtZT1zcF9tdGY%26psc%3D1,"DÉRINNE An Innovativative Facial Exfoliant for Blackheads, With a 100% Natural Ingredient, Tagua Microbeads For your Skin Care. Gentle exfoliator for face provides a Smooth Skin",Sponsored,,,$33.90 ,"FREE delivery Fri, Nov 25 Or fastest delivery Sun, Nov 20|",B0BLHWBVJ1,https://m.media-amazon.com/images/I/51JCZH4FioL._AC_UL320_.jpg
512,https://www.amazon.com/sspa/click?ie=UTF8&spc=MTo4MTU4NDg5NDY3ODM2NTg2OjE2Njg4MDI3MDA6c3BfbXRmOjIwMDAzMzYyNTY4ODUzMTo6MDo6&url=%2FExfoliating-Squares-Scrubber-Leftover-Exfoliator%2Fdp%2FB0872W1HC4%2Fref%3Dsr_1_35_sspa%3Fcrid%3D1ZEPXYWTQ158R%26keywords%3Dexfoliator%26qid%3D1668802700%26sprefix%3Dexfoliator%2B%252Caps%252C92%26sr%3D8-35-spons%26sp_csd%3Dd2lkZ2V0TmFtZT1zcF9tdGY%26psc%3D1,"myHomeBody Soap Pocket Squares Exfoliating Soap Saver Pouch | Body Scrubber, Exfoliator Sponge for Bath or Shower | for 5oz Bar Soap or Leftover Bits | Graphite Gray, 3 Pack + 2 Soap Lifting Pads",Sponsored,4.6 out of 5 stars,"2,110",$13.99 ,"FREE delivery Fri, Nov 25 on $25 of items shipped by AmazonOr fastest delivery Sun, Nov 20|",B0872W1HC4,https://m.media-amazon.com/images/I/81BCyRxV+GL._AC_UL320_.jpg
513,https://www.amazon.com/sspa/click?ie=UTF8&spc=MTo4MTU4NDg5NDY3ODM2NTg2OjE2Njg4MDI3MDA6c3BfbXRmOjIwMDEwNTEyNjc2MzY5ODo6MDo6&url=%2FYiclick-Exfoliating-Exfoliator-Exfoliation-Scrubber%2Fdp%2FB099ZMWG4S%2Fref%3Dsr_1_36_sspa%3Fcrid%3D1ZEPXYWTQ158R%26keywords%3Dexfoliator%26qid%3D1668802700%26sprefix%3Dexfoliator%2B%252Caps%252C92%26sr%3D8-36-spons%26sp_csd%3Dd2lkZ2V0TmFtZT1zcF9tdGY%26psc%3D1,"Yiclick Korean Exfoliating Gloves 2 Pcs, SPA Exfoliator Scrub For Bath Shower Exfoliation Mitt, Body Scrubber Exfoliator, Dead Skin Remover Mitt For Women Men, Brush Sponge Loofah (Blue)",Sponsored,4.2 out of 5 stars,"1,212",$6.99 ,"FREE delivery Fri, Nov 25 on $25 of items shipped by AmazonOr fastest delivery Sun, Nov 20|",B099ZMWG4S,https://m.media-amazon.com/images/I/91Bbrqy+FNL._AC_UL320_.jpg
514,https://www.amazon.com/Himalayan-Salt-Body-Scrub-Exfoliator/dp/B07G8PDKY2/ref=sr_1_37?crid=1ZEPXYWTQ158R&keywords=exfoliator&qid=1668802700&sprefix=exfoliator+%2Caps%2C92&sr=8-37,"Brooklyn Botany Himalayan Salt Body Scrub - Moisturizing and Exfoliating Body, Face, Hand, Foot Scrub - Fights Stretch Marks, Fine Lines, Wrinkles - Great Gifts for Women & Men - 10.5 oz",10 Ounce (Pack of 1),4.3 out of 5 stars,"3,474",$9.99 ,"FREE delivery Fri, Nov 25 on $25 of items shipped by AmazonOr fastest delivery Sun, Nov 20||Small Business|Small Business|Small Business|<img alt="""" src=""https://m.media-amazon.com/images/I/111mHoVK0kL._SS200_.png"" height=""50px"" width=""50px""/>  Small Business|<img alt="""" src=""https://m.media-amazon.com/images/I/111mHoVK0kL._SS200_.png"" height=""50px"" width=""50px""/>  Small Business",B07G8PDKY2,https://m.media-amazon.com/images/I/81nfahU5+QL._AC_UL320_.jpg|https://m.media-amazon.com/images/I/111mHoVK0kL._SS200_.png|
515,https://www.amazon.com/MainBasics-Korean-Exfoliating-Mitt-Exfoliator/dp/B0BGXNWT66/ref=sr_1_38?crid=1ZEPXYWTQ158R&keywords=exfoliator&qid=1668802700&sprefix=exfoliator+%2Caps%2C92&sr=8-38,"MainBasics Korean Exfoliating Mitt - Dead Skin Remover for Body - Tan Remover Mitt & Shower Scrub - Deep Exfoliator Exfoliating Gloves for Soft & Smooth Skin - 100% Viscose Fiber (1 Pair, Black)",($3.50/Count),4.4 out of 5 stars,23,$6.99 ,"FREE delivery Fri, Nov 25 on $25 of items shipped by AmazonOr fastest delivery Sun, Nov 20||Small Business|Small Business|Small Business|<img alt="""" src=""https://m.media-amazon.com/images/I/111mHoVK0kL._SS200_.png"" height=""50px"" width=""50px""/>  Small Business|<img alt="""" src=""https://m.media-amazon.com/images/I/111mHoVK0kL._SS200_.png"" height=""50px"" width=""50px""/>  Small Business",B0BGXNWT66,https://m.media-amazon.com/images/I/91By81hPCuL._AC_UL320_.jpg|https://m.media-amazon.com/images/I/111mHoVK0kL._SS200_.png|
516,https://www.amazon.com/Brightening-Vitamin-Face-Scrub-Exfoliator/dp/B08MMYW9Q6/ref=sr_1_39?crid=1ZEPXYWTQ158R&keywords=exfoliator&qid=1668802700&sprefix=exfoliator+%2Caps%2C92&sr=8-39,"InstaNatural Vitamin C Face Polish Scrub and Face Exfoliator, Face Exfoliating Scrub, Face Scrubber Exfoliator and Pore Minimizer, Exfoliating Face Wash and Facial Scrubs for Women",2 Ounce (Pack of 1),4.3 out of 5 stars,"3,044",$13.97 ,"FREE delivery Fri, Nov 25 on $25 of items shipped by AmazonOr fastest delivery Sun, Nov 20||Small Business|Small Business|Small Business|<img alt="""" src=""https://m.media-amazon.com/images/I/111mHoVK0kL._SS200_.png"" height=""50px"" width=""50px""/>  Small Business|<img alt="""" src=""https://m.media-amazon.com/images/I/111mHoVK0kL._SS200_.png"" height=""50px"" width=""50px""/>  Small Business",B08MMYW9Q6,https://m.media-amazon.com/images/I/61y+fPwj5xL._AC_UL320_.jpg|https://m.media-amazon.com/images/I/111mHoVK0kL._SS200_.png|
517,https://www.amazon.com/Silicone-Cleanser-Massager-Cleansing-Sensitive/dp/B01M3Z5172/ref=sr_1_40?crid=1ZEPXYWTQ158R&keywords=exfoliator&qid=1668802700&sprefix=exfoliator+%2Caps%2C92&sr=8-40,"INNERNEED Super Soft Silicone Face Cleanser and Massager Brush Manual Facial Cleansing Brush Handheld Mat Scrubber For Sensitive, Delicate, Dry Skin (Pack of 4)",4 Count (Pack of 1),4.5 out of 5 stars,"63,985",$6.99 ,"FREE delivery Fri, Nov 25 on $25 of items shipped by AmazonOr fastest delivery Mon, Nov 21||Small Business|Small Business|Small Business|<img alt="""" src=""https://m.media-amazon.com/images/I/111mHoVK0kL._SS200_.png"" height=""50px"" width=""50px""/>  Small Business|<img alt="""" src=""https://m.media-amazon.com/images/I/111mHoVK0kL._SS200_.png"" height=""50px"" width=""50px""/>  Small Business",B01M3Z5172,https://m.media-amazon.com/images/I/61taL4OCkBL._AC_UL320_.jpg|https://m.media-amazon.com/images/I/111mHoVK0kL._SS200_.png|
518,https://www.amazon.com/Tatuo-Exfoliating-Cloths-Towel-Massage/dp/B07HRM2XSW/ref=sr_1_41?crid=1ZEPXYWTQ158R&keywords=exfoliator&qid=1668802700&sprefix=exfoliator+%2Caps%2C92&sr=8-41,5 Pack Exfoliang Face and Body Wash Cloths Towel Soft Weave Bath Cloth Exfoliating Scrub Cloth Massage Bath Cloth for Women and Man (5 Pack Two Sides Exfoliating Cloth),($2.20/Count),4.4 out of 5 stars,"7,684",$10.99 ,"FREE delivery Fri, Nov 25 on $25 of items shipped by AmazonOr fastest delivery Sun, Nov 20|",B07HRM2XSW,https://m.media-amazon.com/images/I/81-dcbawk4L._AC_UL320_.jpg
519,https://www.amazon.com/ACURE-Brilliantly-Brightening-Facial-Packaging/dp/B003Z4OD24/ref=sr_1_42?crid=1ZEPXYWTQ158R&keywords=exfoliator&qid=1668802700&sprefix=exfoliator+%2Caps%2C92&sr=8-42,"Acure Brightening Facial Scrub - 4 Fl Oz - All Skin Types, Sea Kelp & French Green Clay - Softens, Detoxifies and Cleanses",4 Fl Oz (Pack of 1),4.5 out of 5 stars,"21,980",$7.99 ,"FREE delivery Fri, Nov 25 on $25 of items shipped by AmazonOr fastest delivery Sun, Nov 20|",B003Z4OD24,https://m.media-amazon.com/images/I/61HvZOL7jgL._AC_UL320_.jpg
520,https://www.amazon.com/CeraVe-Salicylic-Ounce-Fragrance-Exfoliate/dp/B077TWXCQV/ref=sr_1_43?crid=1ZEPXYWTQ158R&keywords=exfoliator&qid=1668802700&sprefix=exfoliator+%2Caps%2C92&sr=8-43,CeraVe Body Wash with Salicylic Acid | Fragrance Free Body Wash to Exfoliate Rough and Bumpy Skin | Allergy Tested | 10 Ounce,10 Fl Oz (Pack of 1),4.6 out of 5 stars,"24,937",$13.99 ,"FREE delivery Fri, Nov 25 on $25 of items shipped by AmazonOr fastest delivery Sun, Nov 20|",B077TWXCQV,https://m.media-amazon.com/images/I/51eJ3Wbi1CL._AC_UL320_.jpg
521,https://www.amazon.com/OGX-Hydration-hyaluronic-exfoliating-scrub/dp/B07YYYSHVB/ref=sr_1_44?crid=1ZEPXYWTQ158R&keywords=exfoliator&qid=1668802700&sprefix=exfoliator+%2Caps%2C92&sr=8-44,OGX Sea Kelp & Hyaluronic Acid Body Scrub & Wash 19.5 fl oz,19.5 Fl Oz (Pack of 1),4.6 out of 5 stars,"9,703",$5.99 ,"FREE delivery Fri, Nov 25 on $25 of items shipped by AmazonOr fastest delivery Tue, Nov 22|",B07YYYSHVB,https://m.media-amazon.com/images/I/61PZhslOnpL._AC_UL320_.jpg
522,https://www.amazon.com/Himalayan-Salt-Scrub-Collagen-Cells/dp/B08TM4QBDT/ref=sr_1_45?crid=1ZEPXYWTQ158R&keywords=exfoliator&qid=1668802700&sprefix=exfoliator+%2Caps%2C92&sr=8-45,"Himalayan Salt Body Scrub with Collagen and Stem Cells - Natural Exfoliating Salt Scrub & Body and Face Souffle helps with Moisturizing Skin, Acne, Cellulite, Dead Skin Scars, Wrinkles (11 oz)",11 Ounce (Pack of 1),4.3 out of 5 stars,"5,608",$11.46 ,"FREE delivery Fri, Nov 25 on $25 of items shipped by AmazonOr fastest delivery Sun, Nov 20|",B08TM4QBDT,https://m.media-amazon.com/images/I/712tKg8x0AS._AC_UL320_.jpg
523,https://www.amazon.com/Neutrogena-Perfecting-Combination-Brightening-Fragrance-Free/dp/B097NN3K95/ref=sr_1_46_mod_primary_new?crid=1ZEPXYWTQ158R&keywords=exfoliator&qid=1668802700&sbo=RZvfv%2F%2FHxDF%2BO5021pAnSA%3D%3D&sprefix=exfoliator+%2Caps%2C92&sr=8-46,"Neutrogena Skin Perfecting Daily Liquid Facial Exfoliant with 9% AHA/PHA Blend for Normal & Combination Skin, Smoothing & Brightening Leave-On Exfoliator, Oil- & Fragrance-Free, 4 fl. oz",4 Fl Oz (Pack of 1),4.3 out of 5 stars,508|Another way to buy|$9.88$9.88 ($2.47/Fl Oz) $16.39$16.39|$9.88$9.88 ($2.47/Fl Oz) $16.39$16.39|($2.47/Fl Oz)|FREE delivery Nov 23 - 29 Or fastest delivery Nov 22 - 23|Only 1 left in stock - order soon.|Only 1 left in stock - order soon.,$9.68 ,FREE delivery Nov 22 - 29 Or fastest delivery Nov 21 - 25|FREE delivery Nov 23 - 29 Or fastest delivery Nov 22 - 23,B097NN3K95,https://m.media-amazon.com/images/I/71jlkrtDA2L._AC_UL320_.jpg
524,https://www.amazon.com/Brooklyn-Botany-Exfoliating-Cellulite-Blemishes/dp/B07GJR4KXM/ref=sr_1_47?crid=1ZEPXYWTQ158R&keywords=exfoliator&qid=1668802700&sprefix=exfoliator+%2Caps%2C92&sr=8-47,"Brooklyn Botany Brown Sugar Body Scrub - 10 oz - Moisturizing and Exfoliating Body, Face, Hand, Foot Scrub - Fights Acne Scars, Stretch Marks, Fine Lines & Wrinkles, Great Gifts For Women & Men - 10 oz",10 Ounce (Pack of 1),4.2 out of 5 stars,"13,862",$9.99 ,"FREE delivery Fri, Nov 25 on $25 of items shipped by AmazonOr fastest delivery Sun, Nov 20||Small Business|Small Business|Small Business|<img alt="""" src=""https://m.media-amazon.com/images/I/111mHoVK0kL._SS200_.png"" height=""50px"" width=""50px""/>  Small Business|<img alt="""" src=""https://m.media-amazon.com/images/I/111mHoVK0kL._SS200_.png"" height=""50px"" width=""50px""/>  Small Business",B07GJR4KXM,https://m.media-amazon.com/images/I/71jnQlKCL3L._AC_UL320_.jpg|https://m.media-amazon.com/images/I/111mHoVK0kL._SS200_.png|
525,https://www.amazon.com/Metene-Bristles-Exfoliating-Double-sided-Specially/dp/B07QKH9GYV/ref=sr_1_48?crid=1ZEPXYWTQ158R&keywords=exfoliator&qid=1668802700&sprefix=exfoliator+%2Caps%2C92&sr=8-48,"Metene Shower Brush with Soft and Stiff Bristles, Bath Dual-Sided Long Handle Back Scrubber Body Exfoliator for Wet or Dry Brushing",1 Count (Pack of 1),4.6 out of 5 stars,"15,684",$9.97 ,"FREE delivery Fri, Nov 25 on $25 of items shipped by AmazonOr fastest delivery Sun, Nov 20|",B07QKH9GYV,https://m.media-amazon.com/images/I/61gHENr6geS._AC_UL320_.jpg
526,https://www.amazon.com/Moohemoo-Exfoliating-Exfoliator-Keratosis-Treatment/dp/B0BD7WMSJF/ref=sr_1_49?crid=1ZEPXYWTQ158R&keywords=exfoliator&qid=1668802700&sprefix=exfoliator+%2Caps%2C92&sr=8-49,"Moohemoo Deep Exfoliating Mitt 2 PCS Exfoliating Glove Body Scrubber for Removing Dirt and Dead Skin, Body Exfoliator for Shower Bath at Home to for Tan Removal, Keratosis Pilaris, Dry Skin Treatment",($4.97/Count),,,$4.97 ,"FREE delivery Fri, Nov 25 on $25 of items shipped by AmazonOr fastest delivery Sun, Nov 20|",B0BD7WMSJF,https://m.media-amazon.com/images/I/81aMshN2F8L._AC_UL320_.jpg
527,https://www.amazon.com/Yiclick-Exfoliating-Washcloth-Exfoliation-Exfoliator/dp/B092ZL83HV/ref=sr_1_50?crid=1ZEPXYWTQ158R&keywords=exfoliator&qid=1668802700&sprefix=exfoliator+%2Caps%2C92&sr=8-50,"Yiclick Exfoliating Washcloth Towel [3 Pack], Japanese Exfoliating Bath Wash Cloth for Body Exfoliation, Korean Back Scrubber Washer for Shower, African Net Sponge Brush Loofah Exfoliator",3 Count (Pack of 1),4.6 out of 5 stars,"1,306",$9.99 ,"FREE delivery Fri, Nov 25 on $25 of items shipped by AmazonOr fastest delivery Sun, Nov 20|",B092ZL83HV,https://m.media-amazon.com/images/I/811yNP2mt8S._AC_UL320_.jpg
528,https://www.amazon.com/Avilana-Exfoliating-Silicone-Scrubber-Traditional/dp/B083QQX49B/ref=sr_1_51?crid=1ZEPXYWTQ158R&keywords=exfoliator&qid=1668802700&sprefix=exfoliator+%2Caps%2C92&sr=8-51,"Avilana Exfoliating Silicone Body Scrubber Easy to Clean, Lathers Well, Long Lasting, And More Hygienic Than Traditional Loofah (Green)",1 Count,4.6 out of 5 stars,"22,987",$9.99 ,"FREE delivery Fri, Nov 25 on $25 of items shipped by AmazonOr fastest delivery Sun, Nov 20||Small Business|Small Business|Small Business|<img alt="""" src=""https://m.media-amazon.com/images/I/111mHoVK0kL._SS200_.png"" height=""50px"" width=""50px""/>  Small Business|<img alt="""" src=""https://m.media-amazon.com/images/I/111mHoVK0kL._SS200_.png"" height=""50px"" width=""50px""/>  Small Business",B083QQX49B,https://m.media-amazon.com/images/I/51Y1Zv8GSHL._AC_UL320_.jpg|https://m.media-amazon.com/images/I/111mHoVK0kL._SS200_.png|
529,https://www.amazon.com/Choice-SKIN-PERFECTING-Duo-Facial-Exfoliants-Exfoliators/dp/B07TK4D5VD/ref=sr_1_52?crid=1ZEPXYWTQ158R&keywords=exfoliator&qid=1668802700&sprefix=exfoliator+%2Caps%2C92&sr=8-52,Paula's Choice-SKIN PERFECTING 8% AHA Gel Exfoliant & 2% BHA Liquid Duo-Facial Exfoliants for Blackheads Enlarged Pores Wrinkles and Fine Lines Face Exfoliators w/ Glycolic Acid Salicylic Acid,($61.00/Count),4.5 out of 5 stars,"5,069",$61.00 ,"FREE delivery Fri, Nov 25 Or fastest delivery Sun, Nov 20|",B07TK4D5VD,https://m.media-amazon.com/images/I/717ZSVUevRL._AC_UL320_.jpg
530,https://www.amazon.com/Ives-Energize-Coconut-Coffee-Scrub/dp/B07856BVYV/ref=sr_1_53?crid=1ZEPXYWTQ158R&keywords=exfoliator&qid=1668802700&sprefix=exfoliator+%2Caps%2C92&sr=8-53,"St. Ives Rise & Energize Coconut & Coffee Scrub, 6 oz (Pack of 2)",6 Ounce (Pack of 2),4.8 out of 5 stars,828,$13.41 ,"FREE delivery Fri, Nov 25 on $25 of items shipped by AmazonOr fastest delivery Sun, Nov 20|",B07856BVYV,https://m.media-amazon.com/images/I/61w03CXzV2L._AC_UL320_.jpg
531,https://www.amazon.com/Buf-Puf-Reusable-Facial-Sponge-Pack/dp/B01FHA1MEK/ref=sr_1_54?crid=1ZEPXYWTQ158R&keywords=exfoliator&qid=1668802700&sprefix=exfoliator+%2Caps%2C92&sr=8-54,"Buf-Puf Regular Facial Sponge, Dermatologist Developed, Removes Deep Down Dirt & Makeup that Causes Breakouts and Blackheads, Reusable, Exfoliating, White, 1 Count",1 Count (Pack of 1),4.6 out of 5 stars,"20,703",$7.75 ,"FREE delivery Fri, Nov 25 on $25 of items shipped by AmazonOr fastest delivery Sun, Nov 20|",B01FHA1MEK,https://m.media-amazon.com/images/I/71nmDAq3DvL._AC_UL320_.jpg
532,https://www.amazon.com/orxior-Exfoliating-Resuable-Exfoliator-Soothing/dp/B0BB7F72JS/ref=sr_1_55?crid=1ZEPXYWTQ158R&keywords=exfoliator&qid=1668802700&sprefix=exfoliator+%2Caps%2C92&sr=8-55,orxior Super Soft Exfoliating Bath Sponge Resuable Exfoliator Dead Skin Remover for Body Soft Bath Sponge Gentle Soothing Body Sponge Natural Fiber Shower Sponge for Adults&Kids (Grey),($7.99/Count),,,$7.99 ,"FREE delivery Fri, Nov 25 on $25 of items shipped by AmazonOr fastest delivery Tue, Nov 22|",B0BB7F72JS,https://m.media-amazon.com/images/I/61zG2WQntJL._AC_UL320_.jpg
533,https://www.amazon.com/Aveeno-Nourishing-Fragrance-Free-Non-Abrasive-Hypoallergenic/dp/B0B8666NWQ/ref=sr_1_56?crid=1ZEPXYWTQ158R&keywords=exfoliator&qid=1668802700&sprefix=exfoliator+%2Caps%2C92&sr=8-56,"Aveeno Calm + Restore Nourishing PHA Facial Exfoliator Daily for Sensitive Skin, Fragrance-Free & Non-Abrasive Oat Formula to Gently Exfoliate & Cleanse Skin, Hypoallergenic, 4 fl. Oz",4 Ounce (Pack of 1),4.5 out of 5 stars,"14,081",$9.77 ,"FREE delivery Fri, Nov 25 on $25 of items shipped by AmazonOr fastest delivery Sun, Nov 20|",B0B8666NWQ,https://m.media-amazon.com/images/I/712VKjnxZ1L._AC_UL320_.jpg
534,https://www.amazon.com/Cetaphil-Exfoliating-Exfoliates-Non-Irritating-Hypoallergenic/dp/B077FZ112C/ref=sr_1_57?crid=1ZEPXYWTQ158R&keywords=exfoliator&qid=1668802700&sprefix=exfoliator+%2Caps%2C92&sr=8-57,"Cetaphil Exfoliating Face Wash, Extra Gentle Daily Face Scrub, Gently Exfoliates & Cleanses, For All Skin Types, Non-Irritating & Hypoallergenic, Suitable For Sensitive Skin, 6 Fl Oz, Pack of 2",($1.33/Fl Oz),4.6 out of 5 stars,"6,980",$15.94 ,"FREE delivery Fri, Nov 25 on $25 of items shipped by AmazonOr fastest delivery Sun, Nov 20|",B077FZ112C,https://m.media-amazon.com/images/I/71rbFerC33L._AC_UL320_.jpg
535,https://www.amazon.com/Roche-Posay-Ultra-Fine-Face-Scrub-Sensitive/dp/B002WDKJZO/ref=sr_1_58?crid=1ZEPXYWTQ158R&keywords=exfoliator&qid=1668802700&sprefix=exfoliator+%2Caps%2C92&sr=8-58,"La Roche-Posay Ultra-Fine Scrub for Sensitive Skin, Gentle Exfoliating Face Wash with Ultra-Fine Pumice Particles to Remove Dead Skin, Safe For Sensitive Skin",1.69 Fl Oz (Pack of 1),4.4 out of 5 stars,"2,196",$17.99 ,"FREE delivery Wed, Nov 30 on $25 of items shipped by Amazon|",B002WDKJZO,https://m.media-amazon.com/images/I/51Jq+pzcgOL._AC_UL320_.jpg
536,https://www.amazon.com/Wet-Dry-Body-Brush-Exfoliator/dp/B085J3T4WL/ref=sr_1_59?crid=1ZEPXYWTQ158R&keywords=exfoliator&qid=1668802700&sprefix=exfoliator+%2Caps%2C92&sr=8-59,"Wet and Dry Body Brush Exfoliator - Soft Bristle Brush Naturally Exfoliates Dead Skin, Smooths Cellulite, Slows Aging, Stimulates Lymph and Blood Flow by Scala Beauty, 5 x 2.75 In",5 Count (Pack of 1),4.4 out of 5 stars,"17,673",$8.99 ,"FREE delivery Fri, Nov 25 on $25 of items shipped by AmazonOr fastest delivery Sun, Nov 20|",B085J3T4WL,https://m.media-amazon.com/images/I/71XFEiPqQCS._AC_UL320_.jpg
537,https://www.amazon.com/Palmers-Coconut-Formula-Exfoliator-Polishes/dp/B07L1DVWT9/ref=sr_1_60?crid=1ZEPXYWTQ158R&keywords=exfoliator&qid=1668802700&sprefix=exfoliator+%2Caps%2C92&sr=8-60,"Palmer's Coconut Oil Formula Coconut Sugar Facial Scrub Exfoliator, 3.17 Ounce (Pack of 1)",3.17 Ounce (Pack of 1),4.6 out of 5 stars,"17,714",$6.89 ,"FREE delivery Fri, Nov 25 on $25 of items shipped by AmazonOr fastest delivery Sun, Nov 20|",B07L1DVWT9,https://m.media-amazon.com/images/I/71PbINCvISL._AC_UL320_.jpg
538,https://aax-us-iad.amazon.com/x/c/RJeqJ_EQ5CQ5tqSpVi-hTIkAAAGEjGRjTwEAAAH2AQBOL0EgICAgICAgICAgICBOL0EgICAgICAgICAgICB3dtuY/https://www.amazon.com/dp/B0009DSNUW?pd_rd_i=B0009DSNUW&pf_rd_p=55defc4a-7c1e-47a7-8d1d-5cc458cca688&pf_rd_r=0EP419YA23YEW3VPE6NF&pd_rd_wg=bgyCG&pd_rd_w=LYdfL&pd_rd_r=9a2e9b31-c86b-4f73-aea4-3ab30512e91d,Bioglycolic Face Cleanser - 8 oz,Sponsored,4.7 out of 5 stars,"1,307",$36.00 ,"FREE delivery Fri, Nov 25 Or fastest delivery Sun, Nov 20|",,
546,https://www.amazon.com/sspa/click?ie=UTF8&spc=MTo3MDU1MDQyMjczOTYyMjYzOjE2Njg4MDI3MTY6c3BfYXRmOjIwMDA1ODY1NjcwMDc5ODo6MDo6&url=%2FNeutrogena-Alcohol-Free-Facial-Hypoallergenic-Formula%2Fdp%2FB000U5O650%2Fref%3Dsr_1_1_sspa%3Fcrid%3D2VELN19I9UB80%26keywords%3Dtoner%26qid%3D1668802716%26sprefix%3Dtoner%252Caps%252C151%26sr%3D8-1-spons%26sp_csd%3Dd2lkZ2V0TmFtZT1zcF9hdGY%26psc%3D1,"Neutrogena Oil- and Alcohol-Free Facial Toner, Hypoallergenic Skin-Purifying Face Toner to Cleanse, Recondition and Purify Skin, Non-Comedogenic, Quick-Absorbing, 8.5 fl. oz",Sponsored,4.6 out of 5 stars,"21,266",$6.87 ,"FREE delivery Fri, Nov 25 on $25 of items shipped by AmazonOr fastest delivery Sun, Nov 20|",B000U5O650,https://m.media-amazon.com/images/I/710qbnEhyRL._AC_UL320_.jpg
547,https://www.amazon.com/sspa/click?ie=UTF8&spc=MTo3MDU1MDQyMjczOTYyMjYzOjE2Njg4MDI3MTY6c3BfYXRmOjIwMDA4ODgyMTI2Nzg0MTo6MDo6&url=%2FThayers-Alcohol-Free-Petal-Formula-12-Facial%2Fdp%2FB007HD570Q%2Fref%3Dsr_1_2_sspa%3Fcrid%3D2VELN19I9UB80%26keywords%3Dtoner%26qid%3D1668802716%26sprefix%3Dtoner%252Caps%252C151%26sr%3D8-2-spons%26sp_csd%3Dd2lkZ2V0TmFtZT1zcF9hdGY%26psc%3D1,"THAYERS Alcohol-Free Rose Petal Witch Hazel Facial Toner with Aloe Vera Formula, 12 Ounce",Sponsored,4.7 out of 5 stars,"112,915",$10.95 ,"FREE delivery Fri, Nov 25 on $25 of items shipped by AmazonOr fastest delivery Sun, Nov 20|",B007HD570Q,https://m.media-amazon.com/images/I/716ikV1+ToL._AC_UL320_.jpg
548,https://www.amazon.com/sspa/click?ie=UTF8&spc=MTo3MDU1MDQyMjczOTYyMjYzOjE2Njg4MDI3MTY6c3BfYXRmOjIwMDA1MTgzMzMwOTQ2MTo6MDo6&url=%2FPaulas-Choice-SKIN-Pore-Reducing-Antioxidants-Large-Combination%2Fdp%2FB008EPPIQ4%2Fref%3Dsr_1_3_sspa%3Fcrid%3D2VELN19I9UB80%26keywords%3Dtoner%26qid%3D1668802716%26sprefix%3Dtoner%252Caps%252C151%26sr%3D8-3-spons%26sp_csd%3Dd2lkZ2V0TmFtZT1zcF9hdGY%26psc%3D1,"Paula's Choice Skin Balancing Pore-Reducing Toner for Combination and Oily Skin, Minimizes Large Pores, 6.4 Fluid Ounce Bottle",Sponsored,4.6 out of 5 stars,"6,053",$23.00 ,"FREE delivery Fri, Nov 25 on $25 of items shipped by AmazonOr fastest delivery Tue, Nov 22|",B008EPPIQ4,https://m.media-amazon.com/images/I/61Zy7+SPqDL._AC_UL320_.jpg
549,https://www.amazon.com/sspa/click?ie=UTF8&spc=MTo3MDU1MDQyMjczOTYyMjYzOjE2Njg4MDI3MTY6c3BfYXRmOjIwMDAzNTUzNDMyMTU5ODo6MDo6&url=%2FHP-CF501A-CF502A-Cartridges-Magenta%2Fdp%2FB07TK514MK%2Fref%3Dsr_1_4_sspa%3Fcrid%3D2VELN19I9UB80%26keywords%3Dtoner%26qid%3D1668802716%26sprefix%3Dtoner%252Caps%252C151%26sr%3D8-4-spons%26sp_csd%3Dd2lkZ2V0TmFtZT1zcF9hdGY%26psc%3D1,"Original HP 202A Cyan, Magenta, Yellow Toner Cartridges (3-pack) | Works with HP Color LaserJet Pro M254, HP Color LaserJet Pro MFP M281 Series | CF500AM",Sponsored,4.7 out of 5 stars,"1,687",,FREE delivery,B07TK514MK,https://m.media-amazon.com/images/I/71wNKSI04NL._AC_UL320_.jpg
550,https://www.amazon.com/Thayers-Alcohol-Free-Petal-Formula-12-Facial/dp/B007HD570Q/ref=sr_1_5?crid=2VELN19I9UB80&keywords=toner&qid=1668802716&sprefix=toner%2Caps%2C151&sr=8-5,"THAYERS Alcohol-Free Rose Petal Witch Hazel Facial Toner with Aloe Vera Formula, 12 Ounce",12 Fl Oz (Pack of 1),4.7 out of 5 stars,"112,915",$10.95 ,"FREE delivery Fri, Nov 25 on $25 of items shipped by AmazonOr fastest delivery Sun, Nov 20|",B007HD570Q,https://m.media-amazon.com/images/I/716ikV1+ToL._AC_UL320_.jpg
551,https://www.amazon.com/Neutrogena-Alcohol-Free-Facial-Hypoallergenic-Formula/dp/B000U5O650/ref=sr_1_6?crid=2VELN19I9UB80&keywords=toner&qid=1668802716&sprefix=toner%2Caps%2C151&sr=8-6,"Neutrogena Oil- and Alcohol-Free Facial Toner, Hypoallergenic Skin-Purifying Face Toner to Cleanse, Recondition and Purify Skin, Non-Comedogenic, Quick-Absorbing, 8.5 fl. oz",8.5 Fl Oz (Pack of 1),4.6 out of 5 stars,"21,266",$6.87 ,"FREE delivery Fri, Nov 25 on $25 of items shipped by AmazonOr fastest delivery Sun, Nov 20|",B000U5O650,https://m.media-amazon.com/images/I/710qbnEhyRL._AC_UL320_.jpg
552,https://www.amazon.com/Thayer-Cucumber-Witch-Formula-Facial/dp/B001BR97A0/ref=sr_1_7?crid=2VELN19I9UB80&keywords=toner&qid=1668802716&sprefix=toner%2Caps%2C151&sr=8-7,"THAYERS Alcohol-Free Cucumber Witch Hazel Facial Toner with Aloe Vera Formula, 12 oz",12 Fl Oz (Pack of 1),4.7 out of 5 stars,"112,915",$10.95 ,"FREE delivery Fri, Nov 25 on $25 of items shipped by AmazonOr fastest delivery Tue, Nov 22|",B001BR97A0,https://m.media-amazon.com/images/I/71tqmbGCnbL._AC_UL320_.jpg
553,https://www.amazon.com/sspa/click?ie=UTF8&spc=MTo3MjI4Nzc2MTA0ODAxOTkzOjE2Njg4MDI3MTY6c3Bfc2VhcmNoX3RoZW1hdGljOjIwMDA1ODY1NjcwMDc5ODo6MDo6&url=%2FNeutrogena-Alcohol-Free-Facial-Hypoallergenic-Formula%2Fdp%2FB000U5O650%2Fref%3Dsxin_13_pa_sp_search_thematic_sspa%3Fcontent-id%3Damzn1.sym.4e7a2229-074e-44de-95c4-9fd858f46295%253Aamzn1.sym.4e7a2229-074e-44de-95c4-9fd858f46295%26crid%3D2VELN19I9UB80%26cv_ct_cx%3Dtoner%26keywords%3Dtoner%26pd_rd_i%3DB000U5O650%26pd_rd_r%3D77eef098-22a0-49ba-bc29-46118162a59c%26pd_rd_w%3DNk8ve%26pd_rd_wg%3Dk7hKZ%26pf_rd_p%3D4e7a2229-074e-44de-95c4-9fd858f46295%26pf_rd_r%3DV43TX8C2V16GNB248AZD%26qid%3D1668802716%26sprefix%3Dtoner%252Caps%252C151%26sr%3D1-1-a73d1c8c-2fd2-4f19-aa41-2df022bcb241-spons%26sp_csd%3Dd2lkZ2V0TmFtZT1zcF9zZWFyY2hfdGhlbWF0aWM%26psc%3D1,"Neutrogena Oil- and Alcohol-Free Facial Toner, Hypoallergenic Skin-Purifying Face Toner to Cleanse, Recondition and Purify Skin, Non-Comedogenic, Quick-Absorbing, 8.5 fl. oz",Sponsored | Based on star rating and number of customer ratings,4.6 out of 5 stars|4.7 out of 5 stars|4.6 out of 5 stars|4.6 out of 5 stars|4.7 out of 5 stars,"21,266|2,321|6,053|1,857|3,568",$6.87 ,,,https://m.media-amazon.com/images/I/710qbnEhyRL._AC_UL320_.jpg|https://m.media-amazon.com/images/I/41AHzK-aFZL._AC_UL320_.jpg|https://m.media-amazon.com/images/I/61Zy7+SPqDL._AC_UL320_.jpg|https://m.media-amazon.com/images/I/41xarilJIiL._AC_UL320_.jpg|https://m.media-amazon.com/images/I/61lG6gyvW6S._AC_UL320_.jpg
554,https://www.amazon.com/sspa/click?ie=UTF8&spc=MTo3MjI4Nzc2MTA0ODAxOTkzOjE2Njg4MDI3MTY6c3Bfc2VhcmNoX3RoZW1hdGljOjIwMDA1ODY1NjcwMDc5ODo6MDo6&url=%2FNeutrogena-Alcohol-Free-Facial-Hypoallergenic-Formula%2Fdp%2FB000U5O650%2Fref%3Dsxin_13_pa_sp_search_thematic_sspa%3Fcontent-id%3Damzn1.sym.4e7a2229-074e-44de-95c4-9fd858f46295%253Aamzn1.sym.4e7a2229-074e-44de-95c4-9fd858f46295%26crid%3D2VELN19I9UB80%26cv_ct_cx%3Dtoner%26keywords%3Dtoner%26pd_rd_i%3DB000U5O650%26pd_rd_r%3D77eef098-22a0-49ba-bc29-46118162a59c%26pd_rd_w%3DNk8ve%26pd_rd_wg%3Dk7hKZ%26pf_rd_p%3D4e7a2229-074e-44de-95c4-9fd858f46295%26pf_rd_r%3DV43TX8C2V16GNB248AZD%26qid%3D1668802716%26sprefix%3Dtoner%252Caps%252C151%26sr%3D1-1-a73d1c8c-2fd2-4f19-aa41-2df022bcb241-spons%26sp_csd%3Dd2lkZ2V0TmFtZT1zcF9zZWFyY2hfdGhlbWF0aWM%26psc%3D1,"Neutrogena Oil- and Alcohol-Free Facial Toner, Hypoallergenic Skin-Purifying Face Toner to Cleanse, Recondition and Purify Skin, Non-Comedogenic, Quick-Absorbing, 8.5 fl. oz",8.5 Fl Oz (Pack of 1),4.6 out of 5 stars,"21,266",$6.87 ,,B000U5O650,https://m.media-amazon.com/images/I/710qbnEhyRL._AC_UL320_.jpg
555,https://www.amazon.com/sspa/click?ie=UTF8&spc=MTo3MjI4Nzc2MTA0ODAxOTkzOjE2Njg4MDI3MTY6c3Bfc2VhcmNoX3RoZW1hdGljOjIwMDA1NzE0MTc3ODUxMTo6MTo6&url=%2FDermalogica-Multi-active-Toner-Fluid-Ounce%2Fdp%2FB0001EKTZQ%2Fref%3Dsxin_13_pa_sp_search_thematic_sspa%3Fcontent-id%3Damzn1.sym.4e7a2229-074e-44de-95c4-9fd858f46295%253Aamzn1.sym.4e7a2229-074e-44de-95c4-9fd858f46295%26crid%3D2VELN19I9UB80%26cv_ct_cx%3Dtoner%26keywords%3Dtoner%26pd_rd_i%3DB0001EKTZQ%26pd_rd_r%3D77eef098-22a0-49ba-bc29-46118162a59c%26pd_rd_w%3DNk8ve%26pd_rd_wg%3Dk7hKZ%26pf_rd_p%3D4e7a2229-074e-44de-95c4-9fd858f46295%26pf_rd_r%3DV43TX8C2V16GNB248AZD%26qid%3D1668802716%26sprefix%3Dtoner%252Caps%252C151%26sr%3D1-2-a73d1c8c-2fd2-4f19-aa41-2df022bcb241-spons%26sp_csd%3Dd2lkZ2V0TmFtZT1zcF9zZWFyY2hfdGhlbWF0aWM%26psc%3D1,Dermalogica Multi-Active Toner - Hydrating Facial Toner Spray - Help Condition Skin and Prepare For Moisture Absorption,8.4 Fl Oz (Pack of 1),4.7 out of 5 stars,"2,321",$39.00 ,,B0001EKTZQ,https://m.media-amazon.com/images/I/41AHzK-aFZL._AC_UL320_.jpg
556,https://www.amazon.com/sspa/click?ie=UTF8&spc=MTo3MjI4Nzc2MTA0ODAxOTkzOjE2Njg4MDI3MTY6c3Bfc2VhcmNoX3RoZW1hdGljOjIwMDA1MTgzMzMwOTQ2MTo6Mjo6&url=%2FPaulas-Choice-SKIN-Pore-Reducing-Antioxidants-Large-Combination%2Fdp%2FB008EPPIQ4%2Fref%3Dsxin_13_pa_sp_search_thematic_sspa%3Fcontent-id%3Damzn1.sym.4e7a2229-074e-44de-95c4-9fd858f46295%253Aamzn1.sym.4e7a2229-074e-44de-95c4-9fd858f46295%26crid%3D2VELN19I9UB80%26cv_ct_cx%3Dtoner%26keywords%3Dtoner%26pd_rd_i%3DB008EPPIQ4%26pd_rd_r%3D77eef098-22a0-49ba-bc29-46118162a59c%26pd_rd_w%3DNk8ve%26pd_rd_wg%3Dk7hKZ%26pf_rd_p%3D4e7a2229-074e-44de-95c4-9fd858f46295%26pf_rd_r%3DV43TX8C2V16GNB248AZD%26qid%3D1668802716%26sprefix%3Dtoner%252Caps%252C151%26sr%3D1-3-a73d1c8c-2fd2-4f19-aa41-2df022bcb241-spons%26sp_csd%3Dd2lkZ2V0TmFtZT1zcF9zZWFyY2hfdGhlbWF0aWM%26psc%3D1,"Paula's Choice Skin Balancing Pore-Reducing Toner for Combination and Oily Skin, Minimizes Large Pores, 6.4 Fluid Ounce Bottle",6.4 Fl Oz (Pack of 1),4.6 out of 5 stars,"6,053",$23.00 ,,B008EPPIQ4,https://m.media-amazon.com/images/I/61Zy7+SPqDL._AC_UL320_.jpg
557,https://www.amazon.com/sspa/click?ie=UTF8&spc=MTo3MjI4Nzc2MTA0ODAxOTkzOjE2Njg4MDI3MTY6c3Bfc2VhcmNoX3RoZW1hdGljOjIwMDA0NzY2OTQ4ODUxMTo6Mzo6&url=%2FDermalogica-Smart-Antioxidant-Hydramist-Ounce%2Fdp%2FB000YC718S%2Fref%3Dsxin_13_pa_sp_search_thematic_sspa%3Fcontent-id%3Damzn1.sym.4e7a2229-074e-44de-95c4-9fd858f46295%253Aamzn1.sym.4e7a2229-074e-44de-95c4-9fd858f46295%26crid%3D2VELN19I9UB80%26cv_ct_cx%3Dtoner%26keywords%3Dtoner%26pd_rd_i%3DB000YC718S%26pd_rd_r%3D77eef098-22a0-49ba-bc29-46118162a59c%26pd_rd_w%3DNk8ve%26pd_rd_wg%3Dk7hKZ%26pf_rd_p%3D4e7a2229-074e-44de-95c4-9fd858f46295%26pf_rd_r%3DV43TX8C2V16GNB248AZD%26qid%3D1668802716%26sprefix%3Dtoner%252Caps%252C151%26sr%3D1-4-a73d1c8c-2fd2-4f19-aa41-2df022bcb241-spons%26sp_csd%3Dd2lkZ2V0TmFtZT1zcF9zZWFyY2hfdGhlbWF0aWM%26psc%3D1,Dermalogica Antioxidant Hydramist Toner - Anti-Aging Toner Spray for Face that helps Firm and Hydrate Skin - For Use Throughout the Day,5.1 Fl Oz (Pack of 1),4.6 out of 5 stars,"1,857",$45.00 ,,B000YC718S,https://m.media-amazon.com/images/I/41xarilJIiL._AC_UL320_.jpg
558,https://www.amazon.com/sspa/click?ie=UTF8&spc=MTo3MjI4Nzc2MTA0ODAxOTkzOjE2Njg4MDI3MTY6c3Bfc2VhcmNoX3RoZW1hdGljOjIwMDA3NDM0NzIyOTM2MTo6NDo6&url=%2FPreparation-Unscented-lightweight-essential-oil-free%2Fdp%2FB07B65NJLV%2Fref%3Dsxin_13_pa_sp_search_thematic_sspa%3Fcontent-id%3Damzn1.sym.4e7a2229-074e-44de-95c4-9fd858f46295%253Aamzn1.sym.4e7a2229-074e-44de-95c4-9fd858f46295%26crid%3D2VELN19I9UB80%26cv_ct_cx%3Dtoner%26keywords%3Dtoner%26pd_rd_i%3DB07B65NJLV%26pd_rd_r%3D77eef098-22a0-49ba-bc29-46118162a59c%26pd_rd_w%3DNk8ve%26pd_rd_wg%3Dk7hKZ%26pf_rd_p%3D4e7a2229-074e-44de-95c4-9fd858f46295%26pf_rd_r%3DV43TX8C2V16GNB248AZD%26qid%3D1668802716%26sprefix%3Dtoner%252Caps%252C151%26sr%3D1-5-a73d1c8c-2fd2-4f19-aa41-2df022bcb241-spons%26sp_csd%3Dd2lkZ2V0TmFtZT1zcF9zZWFyY2hfdGhlbWF0aWM%26psc%3D1%26smid%3DA2ITVQXVLEC8P,"[KLAIRS] Supple Preparation Unscented Toner 6.08 fl oz, Lightweight, Essential Oil-Free, Alcohol Free, Packaging Changed",6.08 Fl Oz (Pack of 1),4.7 out of 5 stars,"3,568",$21.90 ,,B07B65NJLV,https://m.media-amazon.com/images/I/61lG6gyvW6S._AC_UL320_.jpg
559,https://www.amazon.com/sspa/click?ie=UTF8&spc=MTo2MTM2MzM1NjYzNzg1NDc1OjE2Njg4MDI3MTY6c3Bfc2VhcmNoX3RoZW1hdGljOjIwMDA2Mzg3NTA4MDA2MTo6MDo6&url=%2FHumphreys-Clarify-Witch-Hazel-Organic%2Fdp%2FB08G38FG31%2Fref%3Dsxin_14_pa_sp_search_thematic-asin_sspa%3Fcontent-id%3Damzn1.sym.4228d1d7-b9a2-4dcc-9504-1ef42bcf486a%253Aamzn1.sym.4228d1d7-b9a2-4dcc-9504-1ef42bcf486a%26crid%3D2VELN19I9UB80%26cv_ct_cx%3Dtoner%26keywords%3Dtoner%26pd_rd_i%3DB08G38FG31%26pd_rd_r%3D77eef098-22a0-49ba-bc29-46118162a59c%26pd_rd_w%3DE09rJ%26pd_rd_wg%3Dk7hKZ%26pf_rd_p%3D4228d1d7-b9a2-4dcc-9504-1ef42bcf486a%26pf_rd_r%3DV43TX8C2V16GNB248AZD%26qid%3D1668802716%26sprefix%3Dtoner%252Caps%252C151%26sr%3D1-1-4a643ae4-6005-4b15-bc31-2c5125e2b25b-spons%26sp_csd%3Dd2lkZ2V0TmFtZT1zcF9zZWFyY2hfdGhlbWF0aWM%26psc%3D1,"Humphreys Clarify Witch Hazel Organic Toner, Clear, 8 Oz ( Pack of 1)","Shop products with sustainability certifications, as part of our commitment to help preserve the natural world. Time is fleeting.",4.6 out of 5 stars|4.7 out of 5 stars|4.6 out of 5 stars|4.6 out of 5 stars|4.5 out of 5 stars|4.6 out of 5 stars|4.5 out of 5 stars,"1,168|54|12,342|3,766|3,008|2,313|1,865",$10.98 ,"Climate Pledge Friendly|Climate Pledge Friendly|Climate Pledge Friendly|<img alt="""" src=""https://m.media-amazon.com/images/I/216-OX9rBaL._SS200_.png"" height=""50px"" width=""50px""/>  Climate Pledge Friendly|<img alt="""" src=""https://m.media-amazon.com/images/I/216-OX9rBaL._SS200_.png"" height=""50px"" width=""50px""/>  Climate Pledge Friendly|<img alt="""" src=""https://m.media-amazon.com/images/I/31P6BHLM8wL._SS200_.png"" height=""50px"" width=""50px""/> USDA Organic|Climate Pledge Friendly|Climate Pledge Friendly|Climate Pledge Friendly|<img alt="""" src=""https://m.media-amazon.com/images/I/216-OX9rBaL._SS200_.png"" height=""50px"" width=""50px""/>  Climate Pledge Friendly|<img alt="""" src=""https://m.media-amazon.com/images/I/216-OX9rBaL._SS200_.png"" height=""50px"" width=""50px""/>  Climate Pledge Friendly|<img alt="""" src=""https://m.media-amazon.com/images/I/31OPjlesFNL._SS200_.png"" height=""50px"" width=""50px""/> EWG Verified|Climate Pledge Friendly  Small Business|Climate Pledge Friendly|Climate Pledge Friendly|Small Business|Small Business|<img alt="""" src=""https://m.media-amazon.com/images/I/216-OX9rBaL._SS200_.png"" height=""50px"" width=""50px""/>  Climate Pledge Friendly|<img alt="""" src=""https://m.media-amazon.com/images/I/216-OX9rBaL._SS200_.png"" height=""50px"" width=""50px""/>  Climate Pledge Friendly|<img alt="""" src=""https://m.media-amazon.com/images/I/31P6BHLM8wL._SS200_.png"" height=""50px"" width=""50px""/> USDA Organic|<img alt="""" src=""https://m.media-amazon.com/images/I/111mHoVK0kL._SS200_.png"" height=""50px"" width=""50px""/>  Small Business|<img alt="""" src=""https://m.media-amazon.com/images/I/111mHoVK0kL._SS200_.png"" height=""50px"" width=""50px""/>  Small Business|Climate Pledge Friendly|Climate Pledge Friendly|Climate Pledge Friendly|<img alt="""" src=""https://m.media-amazon.com/images/I/216-OX9rBaL._SS200_.png"" height=""50px"" width=""50px""/>  Climate Pledge Friendly|<img alt="""" src=""https://m.media-amazon.com/images/I/216-OX9rBaL._SS200_.png"" height=""50px"" width=""50px""/>  Climate Pledge Friendly|<img alt="""" src=""https://m.media-amazon.com/images/I/31P6BHLM8wL._SS200_.png"" height=""50px"" width=""50px""/> USDA Organic|Climate Pledge Friendly|Climate Pledge Friendly|Climate Pledge Friendly|<img alt="""" src=""https://m.media-amazon.com/images/I/216-OX9rBaL._SS200_.png"" height=""50px"" width=""50px""/>  Climate Pledge Friendly|<img alt="""" src=""https://m.media-amazon.com/images/I/216-OX9rBaL._SS200_.png"" height=""50px"" width=""50px""/>  Climate Pledge Friendly|<img alt="""" src=""https://m.media-amazon.com/images/I/51Xs1-s-2hL._SS200_.jpg"" height=""50px"" width=""50px""/> Natrue|Climate Pledge Friendly|Climate Pledge Friendly|Climate Pledge Friendly|<img alt="""" src=""https://m.media-amazon.com/images/I/216-OX9rBaL._SS200_.png"" height=""50px"" width=""50px""/>  Climate Pledge Friendly|<img alt="""" src=""https://m.media-amazon.com/images/I/216-OX9rBaL._SS200_.png"" height=""50px"" width=""50px""/>  Climate Pledge Friendly|<img alt="""" src=""https://m.media-amazon.com/images/I/31P6BHLM8wL._SS200_.png"" height=""50px"" width=""50px""/> USDA Organic|Climate Pledge Friendly|Climate Pledge Friendly|Climate Pledge Friendly|<img alt="""" src=""https://m.media-amazon.com/images/I/216-OX9rBaL._SS200_.png"" height=""50px"" width=""50px""/>  Climate Pledge Friendly|<img alt="""" src=""https://m.media-amazon.com/images/I/216-OX9rBaL._SS200_.png"" height=""50px"" width=""50px""/>  Climate Pledge Friendly|<img alt="""" src=""https://m.media-amazon.com/images/I/51vC-CaTYRL._SS200_.png"" height=""50px"" width=""50px""/> Carbonfree Certified",,https://m.media-amazon.com/images/I/71kPYiD8DkL._AC_UL320_.jpg|https://m.media-amazon.com/images/I/216-OX9rBaL._SS200_.png|||https://m.media-amazon.com/images/I/313-jhbrFKL._AC_UL320_.jpg|https://m.media-amazon.com/images/I/216-OX9rBaL._SS200_.png|||https://m.media-amazon.com/images/I/71BOzSfmNiL._AC_UL320_.jpg|https://m.media-amazon.com/images/I/216-OX9rBaL._SS200_.png|https://m.media-amazon.com/images/I/111mHoVK0kL._SS200_.png||||https://m.media-amazon.com/images/I/813Mskc8izL._AC_UL320_.jpg|https://m.media-amazon.com/images/I/216-OX9rBaL._SS200_.png|||https://m.media-amazon.com/images/I/71RjQJCC+9L._AC_UL320_.jpg|https://m.media-amazon.com/images/I/216-OX9rBaL._SS200_.png|||https://m.media-amazon.com/images/I/61OmnIr3axS._AC_UL320_.jpg|https://m.media-amazon.com/images/I/216-OX9rBaL._SS200_.png|||https://m.media-amazon.com/images/I/51Fkln0QPPS._AC_UL320_.jpg|https://m.media-amazon.com/images/I/216-OX9rBaL._SS200_.png||
560,https://aax-us-iad.amazon.com/x/c/RNO2xiPkTS6mAuRk7NhWlmgAAAGEjGSjuwEAAAH2AQBOL0EgICAgICAgICAgICBOL0EgICAgICAgICAgICBvWwQ0/https://www.amazon.com/dp/B00HYUVI4Q?pd_rd_i=B00HYUVI4Q&pf_rd_p=b000e0a0-9e93-480f-bf78-a83c8136dfcb&pf_rd_r=V43TX8C2V16GNB248AZD&pd_rd_wg=k7hKZ&pd_rd_w=SZqW4&pd_rd_r=77eef098-22a0-49ba-bc29-46118162a59c,Yonka Lotion PS Toner for Dry or Sensitive Skin 6.76 oz,Sponsored,4.8 out of 5 stars,997,$50.00 ,"FREE delivery Fri, Nov 25 Or fastest delivery Sun, Nov 20|",,
562,https://www.amazon.com/Paulas-Choice-SKIN-Pore-Reducing-Antioxidants-Large-Combination/dp/B008EPPIQ4/ref=sr_1_8?crid=2VELN19I9UB80&keywords=toner&qid=1668802716&sprefix=toner%2Caps%2C151&sr=8-8,"Paula's Choice Skin Balancing Pore-Reducing Toner for Combination and Oily Skin, Minimizes Large Pores, 6.4 Fluid Ounce Bottle",6.4 Fl Oz (Pack of 1),4.6 out of 5 stars,"6,053",$23.00 ,"FREE delivery Fri, Nov 25 on $25 of items shipped by AmazonOr fastest delivery Tue, Nov 22|",B008EPPIQ4,https://m.media-amazon.com/images/I/61Zy7+SPqDL._AC_UL320_.jpg
563,https://www.amazon.com/Roche-Posay-Effaclar-Clarifying-Solution-Salicylic/dp/B00LO2RO7K/ref=sr_1_9?crid=2VELN19I9UB80&keywords=toner&qid=1668802716&sprefix=toner%2Caps%2C151&sr=8-9,"La Roche-Posay Effaclar Clarifying Solution Acne Toner with Salicylic Acid and Glycolic Acid, Pore Refining Oily Skin Toner, Gentle Exfoliant to Unclog Pores and Remove Dead Skin Cells",6.76 Fl Oz (Pack of 1),4.6 out of 5 stars,"4,697",$15.99 ,"FREE delivery Fri, Nov 25 on $25 of items shipped by Amazon|",B00LO2RO7K,https://m.media-amazon.com/images/I/61IuLO0y+qL._AC_UL320_.jpg
564,https://www.amazon.com/Dickinsons-Enhanced-Witch-Alcohol-Hydrating/dp/B00KX32J26/ref=sr_1_10?crid=2VELN19I9UB80&keywords=toner&qid=1668802716&sprefix=toner%2Caps%2C151&sr=8-10,"Dickinson's Enhanced Witch Hazel Hydrating Toner with Rosewater, Alcohol Free, 98% Natural Formula, 16 Fl Oz",16 Fl Oz (Pack of 1),4.6 out of 5 stars,"14,760",$5.87 ,"FREE delivery Fri, Nov 25 on $25 of items shipped by AmazonOr fastest delivery Sun, Nov 20|",B00KX32J26,https://m.media-amazon.com/images/I/71FygyWC+DL._AC_UL320_.jpg
565,https://www.amazon.com/Glow-Recipe-Watermelon-Pore-Tight-Facial/dp/B087MW23C3/ref=sr_1_11?crid=2VELN19I9UB80&keywords=toner&qid=1668802716&sprefix=toner%2Caps%2C151&sr=8-11,"Glow Recipe Watermelon Glow PHA + BHA Pore-Tight Face Toner - PHA Hydrating Toner & BHA Exfoliant with Cactus Water, Cucumber, Tea Tree & Hyaluronic Acid for a Smooth Watermelon Glow (150ml)",5.07 Fl Oz (Pack of 1),4.6 out of 5 stars,"2,815",$34.00 ,"FREE delivery Fri, Nov 25 Or fastest delivery Sun, Nov 20|",B087MW23C3,https://m.media-amazon.com/images/I/7133FHn+a-L._AC_UL320_.jpg
566,https://www.amazon.com/Thayers-Alcohol-Free-Lavender-bottle-Facial/dp/B000PIMUR8/ref=sr_1_12?crid=2VELN19I9UB80&keywords=toner&qid=1668802716&sprefix=toner%2Caps%2C151&sr=8-12,"THAYERS Alcohol-Free Lavender Witch Hazel Facial Toner with Aloe Vera Formula, 12 oz",12 Fl Oz (Pack of 1),4.7 out of 5 stars,"112,915",$10.95 ,"FREE delivery Fri, Nov 25 on $25 of items shipped by AmazonOr fastest delivery Sun, Nov 20|",B000PIMUR8,https://m.media-amazon.com/images/I/7164smhvlmL._AC_UL320_.jpg
567,https://www.amazon.com/Haruharu-WONDER-Black-Hyaluronic-Toner/dp/B07THCMGFP/ref=sr_1_13?crid=2VELN19I9UB80&keywords=toner&qid=1668802716&sprefix=toner%2Caps%2C151&sr=8-13,"[Haruharu Wonder] Black Rice Hyaluronic Toner 5.1 fl.oz / 150ml | Face Moisturizer, Facial Toner for All Skin Types | Vegan, Cruelty Free, EWG-Green",5.1 Fl Oz (Pack of 1),4.6 out of 5 stars,"1,287",$15.00 ,"FREE delivery Wed, Nov 30 on $25 of items shipped by Amazon||Small Business|Small Business|Small Business|<img alt="""" src=""https://m.media-amazon.com/images/I/111mHoVK0kL._SS200_.png"" height=""50px"" width=""50px""/>  Small Business|<img alt="""" src=""https://m.media-amazon.com/images/I/111mHoVK0kL._SS200_.png"" height=""50px"" width=""50px""/>  Small Business",B07THCMGFP,https://m.media-amazon.com/images/I/51SZxpmPt3L._AC_UL320_.jpg|https://m.media-amazon.com/images/I/111mHoVK0kL._SS200_.png|
568,https://www.amazon.com/Ifactory-SomeByMi-Aha-Bha-Pha-Exfoliation-Brightening/dp/B07BYJF7L7/ref=sr_1_14?crid=2VELN19I9UB80&keywords=toner&qid=1668802716&sprefix=toner%2Caps%2C151&sr=8-14,"SOME BY MI Aha.Bha.Pha 30Days Miracle Toner 150ml, Anti-acne, Exfoliation, Hydration, Brightening, Calming, Refining Pore and Remove Dead Skin Cells, Mild, Teatree Leaf Water",5.07 Fl Oz (Pack of 1),4.5 out of 5 stars,"2,833",$16.70 ,"FREE delivery Thu, Dec 1 on $25 of items shipped by AmazonOr fastest delivery Tue, Nov 22|",B07BYJF7L7,https://m.media-amazon.com/images/I/61is7GF3R1L._AC_UL320_.jpg
569,https://www.amazon.com/Mario-Badescu-Witch-Hazel-Rosewater/dp/B07D96ZBBW/ref=sr_1_15?crid=2VELN19I9UB80&keywords=toner&qid=1668802716&sprefix=toner%2Caps%2C151&sr=8-15,"Mario Badescu Alcohol-Free Witch Hazel Facial Toner with Aloe Vera, 8 Fl Oz",8 Fl Oz (Pack of 1),4.6 out of 5 stars,"4,855",$10.50 ,"FREE delivery Fri, Nov 25 on $25 of items shipped by AmazonOr fastest delivery Sun, Nov 20|",B07D96ZBBW,https://m.media-amazon.com/images/I/71rTDZ4Z9wL._AC_UL320_.jpg
570,https://www.amazon.com/LANEIGE-Mini-Cream-Toner-Moisturizer/dp/B09V8SQRNM/ref=sr_1_16?crid=2VELN19I9UB80&keywords=toner&qid=1668802716&sprefix=toner%2Caps%2C151&sr=8-16,"LANEIGE Cream Skin Toner & Moisturizer: 2-in-1 Amino Acid Rich Liquid, Soothe, Hydrate, and Strengthen Skin's Moisture Barrier",1.6 Fl Oz (Pack of 1),4.6 out of 5 stars,668,$15.00 ,"FREE delivery Fri, Nov 25 on $25 of items shipped by AmazonOr fastest delivery Sun, Nov 20|",B09V8SQRNM,https://m.media-amazon.com/images/I/51iApY67FAL._AC_UL320_.jpg
571,https://www.amazon.com/sspa/click?ie=UTF8&spc=MTo3MDU1MDQyMjczOTYyMjYzOjE2Njg4MDI3MTY6c3BfbXRmOjIwMDAzMzY0NTg5MDM5ODo6MDo6&url=%2FVersed-Weekend-Daily-Brightening-Facial%2Fdp%2FB09NMMHZTJ%2Fref%3Dsr_1_17_sspa%3Fcrid%3D2VELN19I9UB80%26keywords%3Dtoner%26qid%3D1668802716%26sprefix%3Dtoner%252Caps%252C151%26sr%3D8-17-spons%26sp_csd%3Dd2lkZ2V0TmFtZT1zcF9tdGY%26psc%3D1,Versed Weekend Glow Daily Brightening Facial Toner - Exfoliating Treatment with Azelaic Acid and AHAs - Helps Even Skin Tone and Fade Dark Spots - Vegan (4 fl oz),Sponsored,4.4 out of 5 stars,164,$17.97 ,"FREE delivery Fri, Nov 25 on $25 of items shipped by AmazonOr fastest delivery Sun, Nov 20|",B09NMMHZTJ,https://m.media-amazon.com/images/I/41q7RfPodoL._AC_UL320_.jpg
572,https://www.amazon.com/sspa/click?ie=UTF8&spc=MTo3MDU1MDQyMjczOTYyMjYzOjE2Njg4MDI3MTY6c3BfbXRmOjIwMDAzNzU3OTYwNTk5ODo6MDo6&url=%2FPaulas-Choice-SKIN-PERFECTING-Exfoliant-Facial-Blackheads%2Fdp%2FB00949CTQQ%2Fref%3Dsr_1_18_sspa%3Fcrid%3D2VELN19I9UB80%26keywords%3Dtoner%26qid%3D1668802716%26sprefix%3Dtoner%252Caps%252C151%26sr%3D8-18-spons%26sp_csd%3Dd2lkZ2V0TmFtZT1zcF9tdGY%26psc%3D1%26smid%3DAFDRC8T2FYEHK,"Paulas Choice--SKIN PERFECTING 2% BHA Liquid Salicylic Acid Exfoliant--Facial Exfoliant for Blackheads, Enlarged Pores, Wrinkles & Fine Lines, 4 oz Bottle",Sponsored,4.6 out of 5 stars,"75,675",$34.00 ,"FREE delivery Fri, Nov 25 Or fastest delivery Tue, Nov 22||Climate Pledge Friendly|Climate Pledge Friendly|Climate Pledge Friendly|<img alt="""" src=""https://m.media-amazon.com/images/I/216-OX9rBaL._SS200_.png"" height=""50px"" width=""50px""/>  Climate Pledge Friendly|<img alt="""" src=""https://m.media-amazon.com/images/I/216-OX9rBaL._SS200_.png"" height=""50px"" width=""50px""/>  Climate Pledge Friendly|<img alt="""" src=""https://m.media-amazon.com/images/I/41Y2L-DZWfL._SS200_.png"" height=""50px"" width=""50px""/> Compact by Design (Certified by Amazon)",B00949CTQQ,https://m.media-amazon.com/images/I/61zhzjgd2xL._AC_UL320_.jpg|https://m.media-amazon.com/images/I/216-OX9rBaL._SS200_.png||
573,https://www.amazon.com/sspa/click?ie=UTF8&spc=MTo3MDU1MDQyMjczOTYyMjYzOjE2Njg4MDI3MTY6c3BfbXRmOjIwMDA1NzE0MTc3ODUxMTo6MDo6&url=%2FDermalogica-Multi-active-Toner-Fluid-Ounce%2Fdp%2FB0001EKTZQ%2Fref%3Dsr_1_19_sspa%3Fcrid%3D2VELN19I9UB80%26keywords%3Dtoner%26qid%3D1668802716%26sprefix%3Dtoner%252Caps%252C151%26sr%3D8-19-spons%26sp_csd%3Dd2lkZ2V0TmFtZT1zcF9tdGY%26psc%3D1,Dermalogica Multi-Active Toner - Hydrating Facial Toner Spray - Help Condition Skin and Prepare For Moisture Absorption,Sponsored,4.7 out of 5 stars,"2,321",$39.00 ,"FREE delivery Fri, Nov 25 Or fastest delivery Sun, Nov 20|",B0001EKTZQ,https://m.media-amazon.com/images/I/41AHzK-aFZL._AC_UL320_.jpg
574,https://www.amazon.com/sspa/click?ie=UTF8&spc=MTo3MDU1MDQyMjczOTYyMjYzOjE2Njg4MDI3MTY6c3BfbXRmOjIwMDA2Mzg3NTA4MDA2MTo6MDo6&url=%2FHumphreys-Clarify-Witch-Hazel-Organic%2Fdp%2FB08G38FG31%2Fref%3Dsr_1_20_sspa%3Fcrid%3D2VELN19I9UB80%26keywords%3Dtoner%26qid%3D1668802716%26sprefix%3Dtoner%252Caps%252C151%26sr%3D8-20-spons%26sp_csd%3Dd2lkZ2V0TmFtZT1zcF9tdGY%26psc%3D1,"Humphreys Clarify Witch Hazel Organic Toner, Clear, 8 Oz ( Pack of 1)",Sponsored,4.6 out of 5 stars,"1,168",$10.98 ,"FREE delivery Fri, Nov 25 on $25 of items shipped by AmazonOr fastest delivery Tue, Nov 22||Climate Pledge Friendly|Climate Pledge Friendly|Climate Pledge Friendly|<img alt="""" src=""https://m.media-amazon.com/images/I/216-OX9rBaL._SS200_.png"" height=""50px"" width=""50px""/>  Climate Pledge Friendly|<img alt="""" src=""https://m.media-amazon.com/images/I/216-OX9rBaL._SS200_.png"" height=""50px"" width=""50px""/>  Climate Pledge Friendly|<img alt="""" src=""https://m.media-amazon.com/images/I/31P6BHLM8wL._SS200_.png"" height=""50px"" width=""50px""/> USDA Organic",B08G38FG31,https://m.media-amazon.com/images/I/71kPYiD8DkL._AC_UL320_.jpg|https://m.media-amazon.com/images/I/216-OX9rBaL._SS200_.png||
575,https://www.amazon.com/Dickinsons-Original-Witch-Hazel-Perfecting/dp/B000GCQ04C/ref=sr_1_21?crid=2VELN19I9UB80&keywords=toner&qid=1668802716&sprefix=toner%2Caps%2C151&sr=8-21,"Dickinson's Original Witch Hazel Pore Perfecting Toner, 100% Natural, 16 Ounce Fragrance free",16 Fl Oz (Pack of 1),4.7 out of 5 stars,"25,522",$4.79 ,"FREE delivery Fri, Nov 25 on $25 of items shipped by AmazonOr fastest delivery Sun, Nov 20|",B000GCQ04C,https://m.media-amazon.com/images/I/71VDuEYLyiL._AC_UL320_.jpg
576,https://www.amazon.com/Cosrx-Clarifying-Treatment-Toner-Ounce/dp/B00OZ63ODA/ref=sr_1_22?crid=2VELN19I9UB80&keywords=toner&qid=1668802716&sprefix=toner%2Caps%2C151&sr=8-22,"COSRX AHA/BHA Clarifying Treatment Toner, 5.07 fl.oz / 150ml | Exfoliating Facial Spray | Korean Skin Care, Hydrating, Mild Exfoliation, Vegan, Animal Testing Free, Paraben Free",5.07 Fl Oz (Pack of 1),4.5 out of 5 stars,"2,672",$19.17 ,"FREE delivery Fri, Nov 25 on $25 of items shipped by AmazonOr fastest delivery Tue, Nov 22|",B00OZ63ODA,https://m.media-amazon.com/images/I/6129xvpwnpL._AC_UL320_.jpg
577,https://www.amazon.com/Peach-Slices-Concentrate-Hyaluronic-Non-Comedogenic/dp/B09CBCMTVJ/ref=sr_1_23?crid=2VELN19I9UB80&keywords=toner&qid=1668802716&sprefix=toner%2Caps%2C151&sr=8-23,Peach Slices Snail Rescue Blemish Busting Toner | 95% Snail Mucin Concentrate | Pore Cleaner | Hydrates & Balances | CICA | Hyaluronic Acid | Non-Comedogenic | All Skin Types | 4.05 oz,4.05 Fl Oz (Pack of 1),4.5 out of 5 stars,305,$13.99 ,"FREE delivery Fri, Nov 25 on $25 of items shipped by AmazonOr fastest delivery Sun, Nov 20||Small Business|Small Business|Small Business|<img alt="""" src=""https://m.media-amazon.com/images/I/111mHoVK0kL._SS200_.png"" height=""50px"" width=""50px""/>  Small Business|<img alt="""" src=""https://m.media-amazon.com/images/I/111mHoVK0kL._SS200_.png"" height=""50px"" width=""50px""/>  Small Business",B09CBCMTVJ,https://m.media-amazon.com/images/I/61RULXKmdeL._AC_UL320_.jpg|https://m.media-amazon.com/images/I/111mHoVK0kL._SS200_.png|
578,https://www.amazon.com/Clear-Collective-Balancing-Capsule-Cosmetics/dp/B08ZC9TDK1/ref=sr_1_24?crid=2VELN19I9UB80&keywords=toner&qid=1668802716&sprefix=toner%2Caps%2C151&sr=8-24,"Clear Collective Balancing Capsule Toner from Hero Cosmetics - Daily Facial Toner for All Skin Types, Hydrating Serum for Redness Relief and Dry Skin, Fragrance and Paraben Free (4.39 fl oz)",4.39 Fl Oz (Pack of 1),4.5 out of 5 stars,"1,865",$12.99 ,"FREE delivery Fri, Nov 25 on $25 of items shipped by AmazonOr fastest delivery Sun, Nov 20||Climate Pledge Friendly|Climate Pledge Friendly|Climate Pledge Friendly|<img alt="""" src=""https://m.media-amazon.com/images/I/216-OX9rBaL._SS200_.png"" height=""50px"" width=""50px""/>  Climate Pledge Friendly|<img alt="""" src=""https://m.media-amazon.com/images/I/216-OX9rBaL._SS200_.png"" height=""50px"" width=""50px""/>  Climate Pledge Friendly|<img alt="""" src=""https://m.media-amazon.com/images/I/51vC-CaTYRL._SS200_.png"" height=""50px"" width=""50px""/> Carbonfree Certified",B08ZC9TDK1,https://m.media-amazon.com/images/I/51Fkln0QPPS._AC_UL320_.jpg|https://m.media-amazon.com/images/I/216-OX9rBaL._SS200_.png||
579,https://www.amazon.com/Bliss-Disappearing-Niacinamide-VanishTM-Purifies/dp/B09GH9CYZY/ref=sr_1_25?crid=2VELN19I9UB80&keywords=toner&qid=1668802716&sprefix=toner%2Caps%2C151&sr=8-25,Bliss Disappearing Act Niacinamide Toner | Pore Vanish™ Complex | Purifies Pores | Clean | Cruelty Free | Vegan | 10 oz,10 Fl Oz (Pack of 1),4.5 out of 5 stars,384,$10.97 ,"FREE delivery Fri, Nov 25 on $25 of items shipped by AmazonOr fastest delivery Tue, Nov 22||Small Business|Small Business|Small Business|<img alt="""" src=""https://m.media-amazon.com/images/I/111mHoVK0kL._SS200_.png"" height=""50px"" width=""50px""/>  Small Business|<img alt="""" src=""https://m.media-amazon.com/images/I/111mHoVK0kL._SS200_.png"" height=""50px"" width=""50px""/>  Small Business",B09GH9CYZY,https://m.media-amazon.com/images/I/61vnmgFW36L._AC_UL320_.jpg|https://m.media-amazon.com/images/I/111mHoVK0kL._SS200_.png|
580,https://www.amazon.com/NEUTROGENA-Refining-Cleanser-Hypoallergenic-Cleansing/dp/B0000535RA/ref=sr_1_26?crid=2VELN19I9UB80&keywords=toner&qid=1668802716&sprefix=toner%2Caps%2C151&sr=8-26,"Neutrogena Pore Refining Toner with Witch Hazel, Alpha Hydroxy Acid & Beta Hydroxy Acid, Oil-Free & Hypoallergenic Facial Pore Cleansing Toner, 8.5 fl. oz",8.45 Fl Oz (Pack of 1),4.6 out of 5 stars,"7,469",$8.49 ,"FREE delivery Fri, Nov 25 on $25 of items shipped by AmazonOr fastest delivery Tue, Nov 22|",B0000535RA,https://m.media-amazon.com/images/I/51T8t9L1fML._AC_UL320_.jpg
581,https://www.amazon.com/COSRX-Centella-Water-Alcohol-Free-Toner/dp/B00V4JQ7RG/ref=sr_1_27?crid=2VELN19I9UB80&keywords=toner&qid=1668802716&sprefix=toner%2Caps%2C151&sr=8-27,"COSRX Centella Water Alcohol-Free Toner, 150ml / 5.07 fl.oz | Centella Asiatica for Soothing | Korean Skin Care, Vegan, Cruelty Free, Paraben Free",5.07 Fl Oz (Pack of 1),4.6 out of 5 stars,"1,913",$12.15 ,"FREE delivery Fri, Nov 25 on $25 of items shipped by AmazonOr fastest delivery Sun, Nov 20|",B00V4JQ7RG,https://m.media-amazon.com/images/I/511f3bDbqbS._AC_UL320_.jpg
582,https://www.amazon.com/Hyaluronic-Differin-Restorative-Moisturizer-Sensitive/dp/B089F86PLB/ref=sr_1_28?crid=2VELN19I9UB80&keywords=toner&qid=1668802716&sprefix=toner%2Caps%2C151&sr=8-28,"Witch Hazel Toner for Face by the makers of Differin Gel, Pore-Minimizing Skin Toner, Gentle Skin Care for Acne Prone Sensitive Skin, 8 oz",7.98 Fl Oz (Pack of 1),4.4 out of 5 stars,"19,339",$8.29 ,"FREE delivery Fri, Nov 25 on $25 of items shipped by AmazonOr fastest delivery Sun, Nov 20|",B089F86PLB,https://m.media-amazon.com/images/I/71Q8DiW26FL._AC_UL320_.jpg
583,https://www.amazon.com/Pixi-Balancing-Glycolic-Radiant-Brightening/dp/B09SN5B88W/ref=sr_1_29?crid=2VELN19I9UB80&keywords=toner&qid=1668802716&sprefix=toner%2Caps%2C151&sr=8-29,Pixi Beauty Glow Tonic 100ml | Balancing Face Toner | Glycolic Acid Toner for Radiant Skin | Daily Brightening Toner | 3.4 Fl Oz,3.4 Fl Oz (Pack of 1),4.6 out of 5 stars,391,$15.00 ,"FREE delivery Fri, Nov 25 on $25 of items shipped by AmazonOr fastest delivery Sun, Nov 20||Small Business|Small Business|Small Business|<img alt="""" src=""https://m.media-amazon.com/images/I/111mHoVK0kL._SS200_.png"" height=""50px"" width=""50px""/>  Small Business|<img alt="""" src=""https://m.media-amazon.com/images/I/111mHoVK0kL._SS200_.png"" height=""50px"" width=""50px""/>  Small Business",B09SN5B88W,https://m.media-amazon.com/images/I/61yyO79ETpL._AC_UL320_.jpg|https://m.media-amazon.com/images/I/111mHoVK0kL._SS200_.png|
584,https://www.amazon.com/Thayers-Alcohol-Free-Witch-Formula-Unscented/dp/B001DJDP7C/ref=sr_1_30?crid=2VELN19I9UB80&keywords=toner&qid=1668802716&sprefix=toner%2Caps%2C151&sr=8-30,"THAYERS Alcohol-Free Unscented Witch Hazel Facial Toner with Aloe Vera Formula, 12 oz",12 Fl Oz (Pack of 1),4.7 out of 5 stars,"112,915",$10.95 ,"FREE delivery Fri, Nov 25 on $25 of items shipped by AmazonOr fastest delivery Sun, Nov 20|",B001DJDP7C,https://m.media-amazon.com/images/I/51fPiYRimeL._AC_UL320_.jpg
585,https://www.amazon.com/LOreal-Paris-Skincare-HydraFresh-Pro-Vitamin/dp/B07L772P7N/ref=sr_1_31?crid=2VELN19I9UB80&keywords=toner&qid=1668802716&sprefix=toner%2Caps%2C151&sr=8-31,"L'Oreal Paris Skincare HydraFresh Toner Face Toner, Alcohol Free Toner with Pro-Vitamin B5 for a Smoother, Brighter Complexion, 2 Count",8.5 Fl Oz (Pack of 2),4.5 out of 5 stars,"5,450",$10.74 ,"FREE delivery Fri, Nov 25 on $25 of items shipped by AmazonOr fastest delivery Sun, Nov 20|",B07L772P7N,https://m.media-amazon.com/images/I/719ho9ll9LS._AC_UL320_.jpg
586,https://www.amazon.com/Refreshing-Anti-Inflammatory-Impurities-Hydrates-Hyaluronic/dp/B07X2M2TXN/ref=sr_1_32?crid=2VELN19I9UB80&keywords=toner&qid=1668802716&sprefix=toner%2Caps%2C151&sr=8-32,"e.l.f, Keep Your Balance Toner, Gentle, Refreshing, Anti-Inflammatory, Removes Makeup & Impurities, Hydrates, Cleanses, Soothes, Infused with Hyaluronic Acid, Witch Hazel and Aloe, 5.07 Fl Oz",5.07 Fl Oz (Pack of 1),4.6 out of 5 stars,"1,678",$8.00 ,"FREE delivery Fri, Nov 25 on $25 of items shipped by AmazonOr fastest delivery Mon, Nov 21|",B07X2M2TXN,https://m.media-amazon.com/images/I/31DP1jgzkpL._AC_UL320_.jpg
587,https://www.amazon.com/sspa/click?ie=UTF8&spc=MTo3MDU1MDQyMjczOTYyMjYzOjE2Njg4MDI3MTY6c3BfbXRmOjIwMDAzNTU0MzkzMDk5ODo6MDo6&url=%2FHP-W2020A-Toner-Cartridge-Black%2Fdp%2FB07R5W5H4L%2Fref%3Dsr_1_33_sspa%3Fcrid%3D2VELN19I9UB80%26keywords%3Dtoner%26qid%3D1668802716%26sprefix%3Dtoner%252Caps%252C151%26sr%3D8-33-spons%26sp_csd%3Dd2lkZ2V0TmFtZT1zcF9tdGY%26psc%3D1,"Original HP 414A Black Toner Cartridge | Works with HP Color LaserJet Enterprise M455dn, MFP M480f; HP Color LaserJet Pro M454 Series, HP Color LaserJet Pro MFP M479 Series | W2020A",Sponsored,4.8 out of 5 stars,"1,708",,"FREE delivery Fri, Nov 25 Or fastest delivery Sun, Nov 20|",B07R5W5H4L,https://m.media-amazon.com/images/I/61cLYRxyLtL._AC_UL320_.jpg
588,https://www.amazon.com/sspa/click?ie=UTF8&spc=MTo3MDU1MDQyMjczOTYyMjYzOjE2Njg4MDI3MTY6c3BfbXRmOjIwMDAzNTU0NDk5NTg5ODo6MDo6&url=%2FHP-CF500X-Original-Cartridge-LaserJet%2Fdp%2FB074KRP89L%2Fref%3Dsr_1_34_sspa%3Fcrid%3D2VELN19I9UB80%26keywords%3Dtoner%26qid%3D1668802716%26sprefix%3Dtoner%252Caps%252C151%26sr%3D8-34-spons%26sp_csd%3Dd2lkZ2V0TmFtZT1zcF9tdGY%26psc%3D1,"Original HP 202X Black High-yield Toner Cartridge ,Works with HP Color LaserJet Pro M254, HP Color LaserJet Pro MFP M281 Series CF500X",Sponsored,4.7 out of 5 stars,"2,221",,"FREE delivery Fri, Nov 25 Or fastest delivery Sun, Nov 20|",B074KRP89L,https://m.media-amazon.com/images/I/61HV9MluS8L._AC_UL320_.jpg
589,https://www.amazon.com/sspa/click?ie=UTF8&spc=MTo3MDU1MDQyMjczOTYyMjYzOjE2Njg4MDI3MTY6c3BfbXRmOjIwMDA1ODcwMjY0NzMzMTo6MDo6&url=%2FMISSHA-Revolution-Treatment-Essence-Intensive%2Fdp%2FB01FG5VLLU%2Fref%3Dsr_1_35_sspa%3Fcrid%3D2VELN19I9UB80%26keywords%3Dtoner%26qid%3D1668802716%26sprefix%3Dtoner%252Caps%252C151%26sr%3D8-35-spons%26sp_csd%3Dd2lkZ2V0TmFtZT1zcF9tdGY%26psc%3D1,MISSHA Time Revolution The First Treatment Essence RX 150ml - Essence/Toner that Moisturizes and Smoothes the Skin Creating A Clean Base - Amazon Code verified for Authenticity,Sponsored,4.6 out of 5 stars,"1,291",$23.84 ,"FREE delivery Fri, Nov 25 on $25 of items shipped by AmazonOr fastest delivery Tue, Nov 22||Small Business|Small Business|Small Business|<img alt="""" src=""https://m.media-amazon.com/images/I/111mHoVK0kL._SS200_.png"" height=""50px"" width=""50px""/>  Small Business|<img alt="""" src=""https://m.media-amazon.com/images/I/111mHoVK0kL._SS200_.png"" height=""50px"" width=""50px""/>  Small Business",B01FG5VLLU,https://m.media-amazon.com/images/I/21vUBn-M7zS._AC_UL320_.jpg|https://m.media-amazon.com/images/I/111mHoVK0kL._SS200_.png|
590,https://www.amazon.com/sspa/click?ie=UTF8&spc=MTo3MDU1MDQyMjczOTYyMjYzOjE2Njg4MDI3MTY6c3BfbXRmOjIwMDA2MTEwMzgzMDY1MTo6MDo6&url=%2FClear-Collective-Balancing-Capsule-Cosmetics%2Fdp%2FB08ZC9TDK1%2Fref%3Dsr_1_36_sspa%3Fcrid%3D2VELN19I9UB80%26keywords%3Dtoner%26qid%3D1668802716%26sprefix%3Dtoner%252Caps%252C151%26sr%3D8-36-spons%26sp_csd%3Dd2lkZ2V0TmFtZT1zcF9tdGY%26psc%3D1,"Clear Collective Balancing Capsule Toner from Hero Cosmetics - Daily Facial Toner for All Skin Types, Hydrating Serum for Redness Relief and Dry Skin, Fragrance and Paraben Free (4.39 fl oz)",Sponsored,4.5 out of 5 stars,"1,865",$12.99 ,"FREE delivery Fri, Nov 25 on $25 of items shipped by AmazonOr fastest delivery Sun, Nov 20||Climate Pledge Friendly|Climate Pledge Friendly|Climate Pledge Friendly|<img alt="""" src=""https://m.media-amazon.com/images/I/216-OX9rBaL._SS200_.png"" height=""50px"" width=""50px""/>  Climate Pledge Friendly|<img alt="""" src=""https://m.media-amazon.com/images/I/216-OX9rBaL._SS200_.png"" height=""50px"" width=""50px""/>  Climate Pledge Friendly|<img alt="""" src=""https://m.media-amazon.com/images/I/51vC-CaTYRL._SS200_.png"" height=""50px"" width=""50px""/> Carbonfree Certified",B08ZC9TDK1,https://m.media-amazon.com/images/I/51Fkln0QPPS._AC_UL320_.jpg|https://m.media-amazon.com/images/I/216-OX9rBaL._SS200_.png||
591,https://www.amazon.com/Pyunkang-Yul-Essence-Toner-200ml/dp/B06ZZK3YJY/ref=sr_1_37?crid=2VELN19I9UB80&keywords=toner&qid=1668802716&sprefix=toner%2Caps%2C151&sr=8-37,PYUNKANG YUL Facial Essence Toner 6.8 Fl. Oz- Face Moisturizer Skin Care Korean Toner for Dry and Combination Skin Types - Astringent for Face Certified as a Zero-Irritation - Condensed Texture,6.76 Fl Oz (Pack of 1),4.6 out of 5 stars,"3,550",$16.99 ,"FREE delivery Fri, Nov 25 on $25 of items shipped by AmazonOr fastest delivery Sun, Nov 20|",B06ZZK3YJY,https://m.media-amazon.com/images/I/51qavn3N5yL._AC_UL320_.jpg
592,https://www.amazon.com/Neutrogena-Oil-Free-Acne-Control-Triple-Action/dp/B002F3QYZA/ref=sr_1_38?crid=2VELN19I9UB80&keywords=toner&qid=1668802716&sprefix=toner%2Caps%2C151&sr=8-38,"Neutrogena Oil-Free Acne Stress Control Triple-Action Toner, 8 Fluid Ounce",8 Fl Oz (Pack of 1),4.6 out of 5 stars,"4,657",$7.84 ,"FREE delivery Fri, Nov 25 on $25 of items shipped by AmazonOr fastest delivery Sun, Nov 20|",B002F3QYZA,https://m.media-amazon.com/images/I/71XD2UxRLxL._AC_UL320_.jpg
593,https://www.amazon.com/Bliss-Clarifying-Niacinamide-Salicylic-Cruelty-Free/dp/B089V4Q53S/ref=sr_1_39?crid=2VELN19I9UB80&keywords=toner&qid=1668802716&sprefix=toner%2Caps%2C151&sr=8-39,"Bliss Clear Genius Clarifying Toner + Serum | Purifies Pores, Tones, Calms & Clears Skin | with Salicylic Acid, Niacinamide & Witch Hazel | Clean | Cruelty Free | Paraben Free | Vegan | 4.3 oz",4.3 Fl Oz (Pack of 1),4.4 out of 5 stars,"2,243",$14.97 ,"FREE delivery Fri, Nov 25 on $25 of items shipped by AmazonOr fastest delivery Tue, Nov 22||Small Business|Small Business|Small Business|<img alt="""" src=""https://m.media-amazon.com/images/I/111mHoVK0kL._SS200_.png"" height=""50px"" width=""50px""/>  Small Business|<img alt="""" src=""https://m.media-amazon.com/images/I/111mHoVK0kL._SS200_.png"" height=""50px"" width=""50px""/>  Small Business",B089V4Q53S,https://m.media-amazon.com/images/I/51hWbwKoCYS._AC_UL320_.jpg|https://m.media-amazon.com/images/I/111mHoVK0kL._SS200_.png|
594,https://www.amazon.com/Paulas-Choice-RESIST-Advanced-Replenishing-Anti-Aging/dp/B00CJWACX2/ref=sr_1_40?crid=2VELN19I9UB80&keywords=toner&qid=1668802716&sprefix=toner%2Caps%2C151&sr=8-40,"Paula's Choice-Resist Advanced Replenishing Anti-Aging Toner, 4 Ounce Bottle, with Vitamins C & E",4 Fl Oz (Pack of 1),4.6 out of 5 stars,806,$26.00 ,"FREE delivery Fri, Nov 25 Or fastest delivery Sun, Nov 20|",B00CJWACX2,https://m.media-amazon.com/images/I/61k8OM21-iL._AC_UL320_.jpg
595,https://www.amazon.com/Sensitive-Non-Comedogenic-Hypoallergenic-Fragrance-Moisturizer/dp/B0921NXR2V/ref=sr_1_41?crid=2VELN19I9UB80&keywords=toner&qid=1668802716&sprefix=toner%2Caps%2C151&sr=8-41,"ETUDE HOUSE Soonjung pH5.5 Relief Toner 200ml (New Version) | Skin Care Solution | Low PH Toner for Sensitive Skin | Non-Comedogenic, Hypoallergenic & Fragrance Free Moisturizer for Face",6.76 Fl Oz (Pack of 1),4.7 out of 5 stars,647,$17.77 ,"FREE delivery Fri, Nov 25 on $25 of items shipped by AmazonOr fastest delivery Sun, Nov 20|",B0921NXR2V,https://m.media-amazon.com/images/I/41CF+avf7jL._AC_UL320_.jpg
596,https://www.amazon.com/Rosewater-Hyaluronic-Combination-Hydrating-Appearance/dp/B00MUTKN2O/ref=sr_1_42?crid=2VELN19I9UB80&keywords=toner&qid=1668802716&sprefix=toner%2Caps%2C151&sr=8-42,"Heritage Store Rosewater Facial Toner with Hyaluronic Acid, Dry to Combination Skin Care, Hydrating Toner Refines Pores & Minimizes The Appearance of Fine Lines & Wrinkles, Alcohol Freeǂ, Vegan, 8oz",8 Fl Oz (Pack of 1),4.6 out of 5 stars,"6,116",,"FREE delivery Fri, Nov 25 on $25 of items shipped by AmazonOr fastest delivery Sun, Nov 20|",B00MUTKN2O,https://m.media-amazon.com/images/I/51hqgyUi8jL._AC_UL320_.jpg
597,https://www.amazon.com/Neutrogena-Alcohol-Free-Facial-Hypoallergenic-Formula/dp/B00KZ29GR6/ref=sr_1_43?crid=2VELN19I9UB80&keywords=toner&qid=1668802716&sprefix=toner%2Caps%2C151&sr=8-43,"Neutrogena Oil- and Alcohol-Free Facial Toner, Hypoallergenic Skin-Purifying Face Toner to Cleanse, Recondition and Purify Skin, Non-Comedogenic, Quick-Absorbing, 8.5 fl. oz",8.5 Fl Oz (Pack of 1),4.6 out of 5 stars,502,,,B00KZ29GR6,https://m.media-amazon.com/images/I/71JPeN0PHkL._AC_UL320_.jpg
598,https://www.amazon.com/Paulas-Choice-SKIN-PERFECTING-Exfoliant-Facial-Blackheads/dp/B00949CTQQ/ref=sr_1_44?crid=2VELN19I9UB80&keywords=toner&qid=1668802716&sprefix=toner%2Caps%2C151&sr=8-44,"Paulas Choice--SKIN PERFECTING 2% BHA Liquid Salicylic Acid Exfoliant--Facial Exfoliant for Blackheads, Enlarged Pores, Wrinkles & Fine Lines, 4 oz Bottle",4 Fl Oz (Pack of 1),4.6 out of 5 stars,"75,675",$34.00 ,"FREE delivery Fri, Nov 25 Or fastest delivery Tue, Nov 22||Climate Pledge Friendly|Climate Pledge Friendly|Climate Pledge Friendly|<img alt="""" src=""https://m.media-amazon.com/images/I/216-OX9rBaL._SS200_.png"" height=""50px"" width=""50px""/>  Climate Pledge Friendly|<img alt="""" src=""https://m.media-amazon.com/images/I/216-OX9rBaL._SS200_.png"" height=""50px"" width=""50px""/>  Climate Pledge Friendly|<img alt="""" src=""https://m.media-amazon.com/images/I/41Y2L-DZWfL._SS200_.png"" height=""50px"" width=""50px""/> Compact by Design (Certified by Amazon)",B00949CTQQ,https://m.media-amazon.com/images/I/61zhzjgd2xL._AC_UL320_.jpg|https://m.media-amazon.com/images/I/216-OX9rBaL._SS200_.png||
599,https://www.amazon.com/EltaMD-Recovery-Facial-Alcohol-Fragrance/dp/B08DD6BFFM/ref=sr_1_45?crid=2VELN19I9UB80&keywords=toner&qid=1668802716&sprefix=toner%2Caps%2C151&sr=8-45,"EltaMD Skin Recovery Essence Face Toner for Women, Alcohol Free Skin Toner For Calming Skin Redness and Sensitive Skin, Helps Detoxify and Hydrate, Fragrance Free, Sensitivity Free, 7.3 oz Bottle",7.3 Fl Oz (Pack of 1),4.6 out of 5 stars,578,$34.00 ,"FREE delivery Fri, Nov 25 Or fastest delivery Sun, Nov 20|",B08DD6BFFM,https://m.media-amazon.com/images/I/61sLXo-cDvL._AC_UL320_.jpg
600,https://www.amazon.com/Andalou-Naturals-Clementine-Illuminating-Hydrate/dp/B0091OCA86/ref=sr_1_46?crid=2VELN19I9UB80&keywords=toner&qid=1668802716&sprefix=toner%2Caps%2C151&sr=8-46,"Andalou Naturals Clementine + C Illuminating Toner, 6 Fl oz, Facial Toner Helps Hydrate & Balance Skin pH, for Clear, Bright Skin",6 Fl Oz (Pack of 1),4.6 out of 5 stars,"1,646",$8.99 ,FREE delivery,B0091OCA86,https://m.media-amazon.com/images/I/61VW167HoNL._AC_UL320_.jpg
601,https://www.amazon.com/innisfree-Moisture-Balancing-Hydrating-Treatment/dp/B08WZSHDGT/ref=sr_1_47?crid=2VELN19I9UB80&keywords=toner&qid=1668802716&sprefix=toner%2Caps%2C151&sr=8-47,innisfree Green Tea Facial Toners,6.76 Fl Oz (Pack of 1),4.7 out of 5 stars,619,$17.00 ,"FREE delivery Fri, Nov 25 on $25 of items shipped by AmazonOr fastest delivery Sun, Nov 20|",B08WZSHDGT,https://m.media-amazon.com/images/I/61YOcOmFULS._AC_UL320_.jpg
602,https://www.amazon.com/First-Aid-Beauty-Hydrating-Alcohol-Free/dp/B08GNRMQNX/ref=sr_1_48?crid=2VELN19I9UB80&keywords=toner&qid=1668802716&sprefix=toner%2Caps%2C151&sr=8-48,"First Aid Beauty Ultra Repair Wild Oat Hydrating Toner, Alcohol-Free Calming Toner",6 Fl Oz (Pack of 1),4.6 out of 5 stars,483,$24.00 ,"FREE delivery Fri, Nov 25 on $25 of items shipped by AmazonOr fastest delivery Sun, Nov 20||Small Business|Small Business|Small Business|<img alt="""" src=""https://m.media-amazon.com/images/I/111mHoVK0kL._SS200_.png"" height=""50px"" width=""50px""/>  Small Business|<img alt="""" src=""https://m.media-amazon.com/images/I/111mHoVK0kL._SS200_.png"" height=""50px"" width=""50px""/>  Small Business",B08GNRMQNX,https://m.media-amazon.com/images/I/61BfcLtBhwL._AC_UL320_.jpg|https://m.media-amazon.com/images/I/111mHoVK0kL._SS200_.png|
603,https://www.amazon.com/Dear-Klairs-Supple-Preparation-Facial/dp/B00PGOFYG0/ref=sr_1_49?crid=2VELN19I9UB80&keywords=toner&qid=1668802716&sprefix=toner%2Caps%2C151&sr=8-49,"[Dear, Klairs] Supple Preparation Facial Toner, with Hyaluronic Acid, moisturizer, without paraben and alcohol, 180ml, 6.08oz, Korean skin care, hydrating toner for face, sensitive skin toner",6.08 Fl Oz (Pack of 1),4.6 out of 5 stars,"4,778",$21.90 ,"FREE delivery Fri, Nov 25 on $25 of items shipped by AmazonOr fastest delivery Tue, Nov 22|",B00PGOFYG0,https://m.media-amazon.com/images/I/61hU9YIVD5L._AC_UL320_.jpg
604,https://www.amazon.com/Hydrating-Facial-Natural-Extracts-Energize/dp/B08FCT51WX/ref=sr_1_50?crid=2VELN19I9UB80&keywords=toner&qid=1668802716&sprefix=toner%2Caps%2C151&sr=8-50,"Advanced Clinicals Hemp Oil Hydrating Facial Toner Mist W/ Natural Extracts to Energize Aging, Oily, & Dry Skin for Firm, Soft Glow. Alcohol Free Moisturizing Spray W/ Sea Salt, & Aloe, 8 Fl Oz",8 Fl Oz (Pack of 1),4.5 out of 5 stars,"1,699",$4.85 ,"FREE delivery Fri, Nov 25 on $25 of items shipped by AmazonOr fastest delivery Sun, Nov 20||Small Business|Small Business|Small Business|<img alt="""" src=""https://m.media-amazon.com/images/I/111mHoVK0kL._SS200_.png"" height=""50px"" width=""50px""/>  Small Business|<img alt="""" src=""https://m.media-amazon.com/images/I/111mHoVK0kL._SS200_.png"" height=""50px"" width=""50px""/>  Small Business",B08FCT51WX,https://m.media-amazon.com/images/I/71YYbzvCzrL._AC_UL320_.jpg|https://m.media-amazon.com/images/I/111mHoVK0kL._SS200_.png|
605,https://www.amazon.com/TONYMOLY-Wonder-Ceramide-Mocchi-Toner/dp/B07B32PL1C/ref=sr_1_51?crid=2VELN19I9UB80&keywords=toner&qid=1668802716&sprefix=toner%2Caps%2C151&sr=8-51,"TONYMOLY Wonder Ceramide Mocchi Toner, 17 oz",17 Fl Oz (Pack of 1),4.7 out of 5 stars,"1,008",$23.00 ,"FREE delivery Fri, Nov 25 on $25 of items shipped by AmazonOr fastest delivery Tue, Nov 22|",B07B32PL1C,https://m.media-amazon.com/images/I/61q6+bPpROL._AC_UL320_.jpg
606,https://www.amazon.com/Thayers-Trial-Alcohol-Free-Cucumber-bottle/dp/B07BYJH7M5/ref=sr_1_52?crid=2VELN19I9UB80&keywords=toner&qid=1668802716&sprefix=toner%2Caps%2C151&sr=8-52,"THAYERS Alcohol-Free Witch Hazel Facial Toner with Aloe Vera, Cucumber, Trial Size, 3 Ounce",3 Fl Oz (Pack of 1),4.6 out of 5 stars,"5,617",$3.99 ,"FREE delivery Fri, Nov 25 on $25 of items shipped by AmazonOr fastest delivery Sun, Nov 20|",B07BYJH7M5,https://m.media-amazon.com/images/I/81aSp3WsYgL._AC_UL320_.jpg
607,https://www.amazon.com/Paulas-Choice-RECOVERY-Sensitive-Redness-Prone/dp/B00949CII0/ref=sr_1_53?crid=2VELN19I9UB80&keywords=toner&qid=1668802716&sprefix=toner%2Caps%2C151&sr=8-53,"Paula's Choice Skin Recovery Calming Toner, 6.4 Ounce Bottle Toner for The Face, for Sensitive Facial Skin and Dry Redness-Prone Skin",6.4 Fl Oz (Pack of 1),4.6 out of 5 stars,"1,615",$23.00 ,"FREE delivery Fri, Nov 25 on $25 of items shipped by AmazonOr fastest delivery Tue, Nov 22|",B00949CII0,https://m.media-amazon.com/images/I/61ktMd4XNtL._AC_UL320_.jpg
608,https://www.amazon.com/Set-Proactive-Revitalizing-Toner-Step/dp/B08FXWLZZB/ref=sr_1_54?crid=2VELN19I9UB80&keywords=toner&qid=1668802716&sprefix=toner%2Caps%2C151&sr=8-54,(Set of 2) Proactive Revitalizing Toner Step 2 4 oz fl,4 Fl Oz (Pack of 2),4.7 out of 5 stars,171,$32.49 ,"FREE delivery Nov 23 - 29 Or fastest delivery Wed, Nov 23|Small Business|Small Business|Small Business|<img alt="""" src=""https://m.media-amazon.com/images/I/111mHoVK0kL._SS200_.png"" height=""50px"" width=""50px""/>  Small Business|<img alt="""" src=""https://m.media-amazon.com/images/I/111mHoVK0kL._SS200_.png"" height=""50px"" width=""50px""/>  Small Business",B08FXWLZZB,https://m.media-amazon.com/images/I/61zDGamVcOL._AC_UL320_.jpg|https://m.media-amazon.com/images/I/111mHoVK0kL._SS200_.png|
609,https://www.amazon.com/Alcohol-Free-Lavender-Witch-Hazel-Facial-Toner/dp/B07CF3WMVZ/ref=sr_1_55?crid=2VELN19I9UB80&keywords=toner&qid=1668802716&sprefix=toner%2Caps%2C151&sr=8-55,"THAYERS Alcohol-Free Witch Hazel Facial Mist Toner with Aloe Vera, Lavender, 8 Ounce",8 Fl Oz (Pack of 1),4.6 out of 5 stars,"14,261",$7.39 ,"FREE delivery Fri, Nov 25 on $25 of items shipped by AmazonOr fastest delivery Tue, Nov 22|",B07CF3WMVZ,https://m.media-amazon.com/images/I/71FY7HcSAYL._AC_UL320_.jpg
610,https://www.amazon.com/Im-Extract-Niacinamide-Hydrating-Fragrance/dp/B07K23HV61/ref=sr_1_56?crid=2VELN19I9UB80&keywords=toner&qid=1668802716&sprefix=toner%2Caps%2C151&sr=8-56,"[I'm From] Rice Toner, 5.07 fl oz | 77.78% Rice Extract from Korea, Glow Essence with Niacinamide, Hydrating for Dry Skin, Vegan, Alcohol Free, Fragrance Free, Peta Approved, k Beauty Toner",5.07 Fl Oz (Pack of 1),4.6 out of 5 stars,"1,900",$29.45 ,FREE delivery,B07K23HV61,https://m.media-amazon.com/images/I/51GYXSU5PhL._AC_UL320_.jpg
611,https://www.amazon.com/Thayers-Witch-Hazel-Aloe-Petal/dp/B07L6N8YG1/ref=sr_1_57?crid=2VELN19I9UB80&keywords=toner&qid=1668802716&sprefix=toner%2Caps%2C151&sr=8-57,"Thayers Witch Hazel with Aloe Vera - Default 12 Rose Petal, 12 Fl Oz",12 Fl Oz (Pack of 1),4.6 out of 5 stars,"5,617",$10.99 ,"FREE delivery Fri, Nov 25 on $25 of items shipped by AmazonOr fastest delivery Tue, Nov 22|",B07L6N8YG1,https://m.media-amazon.com/images/I/61I-bxChgeL._AC_UL320_.jpg
612,https://www.amazon.com/Body-Shop-Vitamin-Hydrating-Paraben-Free/dp/B01GBOL4QC/ref=sr_1_58?crid=2VELN19I9UB80&keywords=toner&qid=1668802716&sprefix=toner%2Caps%2C151&sr=8-58,"The Body Shop Vitamin E Hydrating Toner, Paraben-Free, 8.4 Fl. Oz.",8.4 Fl Oz (Pack of 1),4.6 out of 5 stars,877,$14.04 ,"FREE delivery Fri, Nov 25 on $25 of items shipped by AmazonOr fastest delivery Sun, Nov 20|",B01GBOL4QC,https://m.media-amazon.com/images/I/51tm41shXtL._AC_UL320_.jpg
613,https://www.amazon.com/Thayers-Witch-Hazel-Original-Facial/dp/B000S823S6/ref=sr_1_59?crid=2VELN19I9UB80&keywords=toner&qid=1668802716&sprefix=toner%2Caps%2C151&sr=8-59,"THAYERS Alcohol-Free Original Witch Hazel Facial Toner with Aloe Vera Formula, 12 oz",12 Fl Oz (Pack of 1),4.7 out of 5 stars,"112,915",$9.49 ,"FREE delivery Fri, Nov 25 on $25 of items shipped by AmazonOr fastest delivery Mon, Nov 21|",B000S823S6,https://m.media-amazon.com/images/I/71oCnOsAnTL._AC_UL320_.jpg
614,https://www.amazon.com/Paulas-Choice-Weightless-Niacinamide-Hyaluronic/dp/B00NGGG2TI/ref=sr_1_60?crid=2VELN19I9UB80&keywords=toner&qid=1668802716&sprefix=toner%2Caps%2C151&sr=8-60,"Paula's Choice Resist Weightless Advanced Repairing Toner, Niacinamide & Hyaluronic Acid, Wrinkles & Large Pores, Oily Skin, 4 Ounce",4 Fl Oz (Pack of 1),4.5 out of 5 stars,707,$26.00 ,"FREE delivery Fri, Nov 25 Or fastest delivery Sun, Nov 20|",B00NGGG2TI,https://m.media-amazon.com/images/I/61o18z5TG0L._AC_UL320_.jpg
615,https://www.amazon.com/sspa/click?ie=UTF8&spc=MTo1ODQ1MzU1Njc0ODc5NTAyOjE2Njg4MDI3MTY6c3Bfc2VhcmNoX3RoZW1hdGljX2J0ZjoyMDAwOTYzNDcwMDM3MzE6OjA6Og&url=%2FVEGREEN-Alcohol-Free-phytomucin-Soothing-Essential%2Fdp%2FB08PF74CTC%2Fref%3Dsxbs_pa_sp_search_thematic_btf_sspa%3Fcontent-id%3Damzn1.sym.58cc9a81-ce69-447f-ae9a-f946e256a203%253Aamzn1.sym.58cc9a81-ce69-447f-ae9a-f946e256a203%26crid%3D2VELN19I9UB80%26cv_ct_cx%3Dtoner%26keywords%3Dtoner%26pd_rd_i%3DB08PF74CTC%26pd_rd_r%3D92d55ff7-2b65-49b5-8985-efa56ed30a47%26pd_rd_w%3DL549m%26pd_rd_wg%3DzSuRj%26pf_rd_p%3D58cc9a81-ce69-447f-ae9a-f946e256a203%26pf_rd_r%3DV43TX8C2V16GNB248AZD%26qid%3D1668802716%26sprefix%3Dtoner%252Caps%252C151%26sr%3D1-1-5434e42d-8be2-4d7d-bf67-67dd4fa72054-spons%26sp_csd%3Dd2lkZ2V0TmFtZT1zcF9zZWFyY2hfdGhlbWF0aWNfYnRm%26psc%3D1%26smid%3DA3MV3NI8IA4PQM,VEGREEN Alcohol-Free Mucin Essence Toner 150ml | phytomucin | Soothing | Daily Facial Toner | Essential Oil-Free,Sponsored,4.7 out of 5 stars|5.0 out of 5 stars|5.0 out of 5 stars|5.0 out of 5 stars|4.9 out of 5 stars,35|1|1|14|16,$10.95 ,"Small Business|Small Business|Small Business|<img alt="""" src=""https://m.media-amazon.com/images/I/111mHoVK0kL._SS200_.png"" height=""50px"" width=""50px""/>  Small Business|<img alt="""" src=""https://m.media-amazon.com/images/I/111mHoVK0kL._SS200_.png"" height=""50px"" width=""50px""/>  Small Business",,https://m.media-amazon.com/images/I/31uwH9pvyzL._AC_UL320_.jpg|https://m.media-amazon.com/images/I/71GWvrvRW2S._AC_UL320_.jpg|https://m.media-amazon.com/images/I/31bXFPHyUgL._AC_UL320_.jpg|https://m.media-amazon.com/images/I/61VPBQMYDkL._AC_UL320_.jpg|https://m.media-amazon.com/images/I/31Fi3nTPGHL._AC_UL320_.jpg|https://m.media-amazon.com/images/I/111mHoVK0kL._SS200_.png|
616,https://www.amazon.com/sspa/click?ie=UTF8&spc=MTo1ODQ1MzU1Njc0ODc5NTAyOjE2Njg4MDI3MTY6c3Bfc2VhcmNoX3RoZW1hdGljX2J0ZjoyMDAwOTYzNDcwMDM3MzE6OjA6Og&url=%2FVEGREEN-Alcohol-Free-phytomucin-Soothing-Essential%2Fdp%2FB08PF74CTC%2Fref%3Dsxbs_pa_sp_search_thematic_btf_sspa%3Fcontent-id%3Damzn1.sym.58cc9a81-ce69-447f-ae9a-f946e256a203%253Aamzn1.sym.58cc9a81-ce69-447f-ae9a-f946e256a203%26crid%3D2VELN19I9UB80%26cv_ct_cx%3Dtoner%26keywords%3Dtoner%26pd_rd_i%3DB08PF74CTC%26pd_rd_r%3D92d55ff7-2b65-49b5-8985-efa56ed30a47%26pd_rd_w%3DL549m%26pd_rd_wg%3DzSuRj%26pf_rd_p%3D58cc9a81-ce69-447f-ae9a-f946e256a203%26pf_rd_r%3DV43TX8C2V16GNB248AZD%26qid%3D1668802716%26sprefix%3Dtoner%252Caps%252C151%26sr%3D1-1-5434e42d-8be2-4d7d-bf67-67dd4fa72054-spons%26sp_csd%3Dd2lkZ2V0TmFtZT1zcF9zZWFyY2hfdGhlbWF0aWNfYnRm%26psc%3D1%26smid%3DA3MV3NI8IA4PQM,VEGREEN Alcohol-Free Mucin Essence Toner 150ml | phytomucin | Soothing | Daily Facial Toner | Essential Oil-Free,Sponsored,4.7 out of 5 stars,35,$10.95 ,,B08PF74CTC,https://m.media-amazon.com/images/I/31uwH9pvyzL._AC_UL320_.jpg
617,https://www.amazon.com/sspa/click?ie=UTF8&spc=MTo1ODQ1MzU1Njc0ODc5NTAyOjE2Njg4MDI3MTY6c3Bfc2VhcmNoX3RoZW1hdGljX2J0Zjo6OjE6QjA4UDZGOVg0QzpzZWFyY2g&url=%2FSuper-Matcha-Tightening-Toner-150ml%2Fdp%2FB08P6F9X4C%2Fref%3Dsxbs_pa_sp_search_thematic_btf_sspa%3Fcontent-id%3Damzn1.sym.58cc9a81-ce69-447f-ae9a-f946e256a203%253Aamzn1.sym.58cc9a81-ce69-447f-ae9a-f946e256a203%26crid%3D2VELN19I9UB80%26cv_ct_cx%3Dtoner%26keywords%3Dtoner%26pd_rd_i%3DB08P6F9X4C%26pd_rd_r%3D92d55ff7-2b65-49b5-8985-efa56ed30a47%26pd_rd_w%3DL549m%26pd_rd_wg%3DzSuRj%26pf_rd_p%3D58cc9a81-ce69-447f-ae9a-f946e256a203%26pf_rd_r%3DV43TX8C2V16GNB248AZD%26qid%3D1668802716%26sprefix%3Dtoner%252Caps%252C151%26sr%3D1-2-5434e42d-8be2-4d7d-bf67-67dd4fa72054-spons%26sp_csd%3Dd2lkZ2V0TmFtZT1zcF9zZWFyY2hfdGhlbWF0aWNfYnRm%26psc%3D1,[Some by MI] Super Matcha Pore Tightening Toner 150ml,($3.93/Fl Oz),5.0 out of 5 stars,1,$19.90 ,,B08P6F9X4C,https://m.media-amazon.com/images/I/71GWvrvRW2S._AC_UL320_.jpg
618,https://www.amazon.com/sspa/click?ie=UTF8&spc=MTo1ODQ1MzU1Njc0ODc5NTAyOjE2Njg4MDI3MTY6c3Bfc2VhcmNoX3RoZW1hdGljX2J0Zjo6OjI6QjA5MTJLS0QxVDpzZWFyY2g&url=%2FNature-Republic-Vitapair-TONER-Organic%2Fdp%2FB0912KKD1T%2Fref%3Dsxbs_pa_sp_search_thematic_btf_sspa%3Fcontent-id%3Damzn1.sym.58cc9a81-ce69-447f-ae9a-f946e256a203%253Aamzn1.sym.58cc9a81-ce69-447f-ae9a-f946e256a203%26crid%3D2VELN19I9UB80%26cv_ct_cx%3Dtoner%26keywords%3Dtoner%26pd_rd_i%3DB0912KKD1T%26pd_rd_r%3D92d55ff7-2b65-49b5-8985-efa56ed30a47%26pd_rd_w%3DL549m%26pd_rd_wg%3DzSuRj%26pf_rd_p%3D58cc9a81-ce69-447f-ae9a-f946e256a203%26pf_rd_r%3DV43TX8C2V16GNB248AZD%26qid%3D1668802716%26sprefix%3Dtoner%252Caps%252C151%26sr%3D1-3-5434e42d-8be2-4d7d-bf67-67dd4fa72054-spons%26sp_csd%3Dd2lkZ2V0TmFtZT1zcF9zZWFyY2hfdGhlbWF0aWNfYnRm%26psc%3D1,Nature Republic Vitapair C TONER 300ml with Organic Jeju Green Lemon,($29.90/Count),5.0 out of 5 stars,1,$29.90 ,,B0912KKD1T,https://m.media-amazon.com/images/I/31bXFPHyUgL._AC_UL320_.jpg
619,https://www.amazon.com/sspa/click?ie=UTF8&spc=MTo1ODQ1MzU1Njc0ODc5NTAyOjE2Njg4MDI3MTY6c3Bfc2VhcmNoX3RoZW1hdGljX2J0Zjo6OjM6QjA3S0dROEpZQjpzZWFyY2g&url=%2FEssano-Superfoods-Balancing-Toner-120ml%2Fdp%2FB07KGQ8JYB%2Fref%3Dsxbs_pa_sp_search_thematic_btf_sspa%3Fcontent-id%3Damzn1.sym.58cc9a81-ce69-447f-ae9a-f946e256a203%253Aamzn1.sym.58cc9a81-ce69-447f-ae9a-f946e256a203%26crid%3D2VELN19I9UB80%26cv_ct_cx%3Dtoner%26keywords%3Dtoner%26pd_rd_i%3DB07KGQ8JYB%26pd_rd_r%3D92d55ff7-2b65-49b5-8985-efa56ed30a47%26pd_rd_w%3DL549m%26pd_rd_wg%3DzSuRj%26pf_rd_p%3D58cc9a81-ce69-447f-ae9a-f946e256a203%26pf_rd_r%3DV43TX8C2V16GNB248AZD%26qid%3D1668802716%26sprefix%3Dtoner%252Caps%252C151%26sr%3D1-4-5434e42d-8be2-4d7d-bf67-67dd4fa72054-spons%26sp_csd%3Dd2lkZ2V0TmFtZT1zcF9zZWFyY2hfdGhlbWF0aWNfYnRm%26psc%3D1,"Essano Superfoods Certified Organic Kale Balancing Mist Toner, 120ml",($8.39/Count),5.0 out of 5 stars,14,$8.39 ,,B07KGQ8JYB,https://m.media-amazon.com/images/I/61VPBQMYDkL._AC_UL320_.jpg
620,https://www.amazon.com/sspa/click?ie=UTF8&spc=MTo1ODQ1MzU1Njc0ODc5NTAyOjE2Njg4MDI3MTY6c3Bfc2VhcmNoX3RoZW1hdGljX2J0Zjo6OjQ6QjBCQkZaMzJUNzpzZWFyY2g&url=%2FHeimish-Cleansing-Moisture-Balancing-Smoother%2Fdp%2FB0BBFZ32T7%2Fref%3Dsxbs_pa_sp_search_thematic_btf_sspa%3Fcontent-id%3Damzn1.sym.58cc9a81-ce69-447f-ae9a-f946e256a203%253Aamzn1.sym.58cc9a81-ce69-447f-ae9a-f946e256a203%26crid%3D2VELN19I9UB80%26cv_ct_cx%3Dtoner%26keywords%3Dtoner%26pd_rd_i%3DB0BBFZ32T7%26pd_rd_r%3D92d55ff7-2b65-49b5-8985-efa56ed30a47%26pd_rd_w%3DL549m%26pd_rd_wg%3DzSuRj%26pf_rd_p%3D58cc9a81-ce69-447f-ae9a-f946e256a203%26pf_rd_r%3DV43TX8C2V16GNB248AZD%26qid%3D1668802716%26sprefix%3Dtoner%252Caps%252C151%26sr%3D1-5-5434e42d-8be2-4d7d-bf67-67dd4fa72054-spons%26sp_csd%3Dd2lkZ2V0TmFtZT1zcF9zZWFyY2hfdGhlbWF0aWNfYnRm%26psc%3D1,"Heimish All Clean Green Pore Toner Pad 75ea | Pore Cleansing, Moisture Filling, Oil/Moisture Balancing, Smoother Calming Skin Texture | Vegan",($0.32/Count),4.9 out of 5 stars,16,$24.00 ,"Small Business|Small Business|Small Business|<img alt="""" src=""https://m.media-amazon.com/images/I/111mHoVK0kL._SS200_.png"" height=""50px"" width=""50px""/>  Small Business|<img alt="""" src=""https://m.media-amazon.com/images/I/111mHoVK0kL._SS200_.png"" height=""50px"" width=""50px""/>  Small Business",B0BBFZ32T7,https://m.media-amazon.com/images/I/31Fi3nTPGHL._AC_UL320_.jpg|https://m.media-amazon.com/images/I/111mHoVK0kL._SS200_.png|
627,https://www.amazon.com/sspa/click?ie=UTF8&spc=MTo2ODM0MTk0MjY2NTI0MzA2OjE2Njg4MDI3MzE6c3BfYXRmOjIwMDA2NTM4OTcyNTk5ODo6MDo6&url=%2FBlackhead-Electric-Adjustable-Replacement-Rechargeable%2Fdp%2FB07Z6BLBLP%2Fref%3Dsr_1_1_sspa%3Fcrid%3D3VUT8RYL0Q5DJ%26keywords%3Dblackhead%2Bremover%26qid%3D1668802731%26sprefix%3Dblackhead%2Bremover%252Caps%252C86%26sr%3D8-1-spons%26sp_csd%3Dd2lkZ2V0TmFtZT1zcF9hdGY%26psc%3D1%26smid%3DA24ATIKO51NZ9R,"2022 Newest Blackhead Remover Pore Vacuum,Upgraded Facial Pore Cleaner,Electric Acne Comedone Whitehead Extractor Tool-5 Suction Power,5 Probes,USB Rechargeable Blackhead Vacuum Kit for Women & Men",Sponsored,3.9 out of 5 stars,"14,114",$32.99 ,"FREE delivery Fri, Nov 25 Or fastest delivery Sun, Nov 20|",B07Z6BLBLP,https://m.media-amazon.com/images/I/61PGQYMiBAS._AC_UL320_.jpg
628,https://www.amazon.com/sspa/click?ie=UTF8&spc=MTo2ODM0MTk0MjY2NTI0MzA2OjE2Njg4MDI3MzE6c3BfYXRmOjIwMDEwMTI1NzExNjg5ODo6MDo6&url=%2FBlackhead-Extractions-Camerafor-Interface-Adjustment%2Fdp%2FB0B2NQCFPJ%2Fref%3Dsr_1_2_sspa%3Fcrid%3D3VUT8RYL0Q5DJ%26keywords%3Dblackhead%2Bremover%26qid%3D1668802731%26sprefix%3Dblackhead%2Bremover%252Caps%252C86%26sr%3D8-2-spons%26sp_csd%3Dd2lkZ2V0TmFtZT1zcF9hdGY%26psc%3D1%26smid%3DA1BN3MVRC35G5B,"Blackhead Remover Vacuum, Black Head Extractions Tool with Camerafor, USB Interface Type Pore Vacuum, Men and Women Pore Cleaner, 6 Suction Heads & 3 Adjustment Modes",Sponsored,4.5 out of 5 stars,346,$35.99 ,"FREE delivery Tue, Nov 29 Or fastest delivery Tue, Nov 22|",B0B2NQCFPJ,https://m.media-amazon.com/images/I/71b6XK2TjdL._AC_UL320_.jpg
629,https://www.amazon.com/sspa/click?ie=UTF8&spc=MTo2ODM0MTk0MjY2NTI0MzA2OjE2Njg4MDI3MzE6c3BfYXRmOjIwMDAzNjgwMjUxNjI5ODo6MDo6&url=%2FBiore-Cleansing-Charcoal-Strips-Count%2Fdp%2FB00T6IHQCC%2Fref%3Dsr_1_3_sspa%3Fcrid%3D3VUT8RYL0Q5DJ%26keywords%3Dblackhead%2Bremover%26qid%3D1668802731%26rdc%3D1%26sprefix%3Dblackhead%2Bremover%252Caps%252C86%26sr%3D8-3-spons%26sp_csd%3Dd2lkZ2V0TmFtZT1zcF9hdGY%26psc%3D1,"Bioré Charcoal Blackhead Remover Pore Strips, Deep Cleansing Nose Strips for Blackhead Removal and Pore Unclogging, 3X Less Oil, 6 Count",Sponsored,4.2 out of 5 stars,"35,718",$6.87 ,"FREE delivery Fri, Nov 25 on $25 of items shipped by AmazonOr fastest delivery Mon, Nov 21|",B00T6IHQCC,https://m.media-amazon.com/images/I/71F9XjsuZUL._AC_UL320_.jpg
630,https://www.amazon.com/sspa/click?ie=UTF8&spc=MTo2ODM0MTk0MjY2NTI0MzA2OjE2Njg4MDI3MzE6c3BfYXRmOjIwMDA4Njk5ODM4MzM5ODo6MDo6&url=%2FBlackhead-Rechargeable-Whitehead-Extraction-Adjustable%2Fdp%2FB09WYKYPDM%2Fref%3Dsr_1_4_sspa%3Fcrid%3D3VUT8RYL0Q5DJ%26keywords%3Dblackhead%2Bremover%26qid%3D1668802731%26sprefix%3Dblackhead%2Bremover%252Caps%252C86%26sr%3D8-4-spons%26sp_csd%3Dd2lkZ2V0TmFtZT1zcF9hdGY%26psc%3D1,"Blackhead Remover Pore Vacuum, Electric Facial Deep Cleaner, USB Rechargeable Male and Female Acne Whitehead Extraction Tool, 6 Suction Heads & 3 Adjustable Suction",Sponsored,4.3 out of 5 stars,389,$35.99 ,"FREE delivery Fri, Nov 25 Or fastest delivery Sun, Nov 20|",B09WYKYPDM,https://m.media-amazon.com/images/I/61gNqyymoTL._AC_UL320_.jpg
631,https://www.amazon.com/Bior%C3%A9-Blackhead-Unclogging-Technology-Non-Comedogenic/dp/B0009EILKS/ref=sr_1_5?crid=3VUT8RYL0Q5DJ&keywords=blackhead+remover&qid=1668802731&rdc=1&sprefix=blackhead+remover%2Caps%2C86&sr=8-5,"Bioré Original Blackhead Remover Strips, Deep Cleansing Nose Strips With Instant Pore Unclogging, Features C-Bond Technology, Oil-Free, Non-Comedogenic Use, 14 Count",14 Count (Pack of 1),4.4 out of 5 stars,"44,048",$9.87 ,"FREE delivery Fri, Nov 25 on $25 of items shipped by AmazonOr fastest delivery Sun, Nov 20|",B0009EILKS,https://m.media-amazon.com/images/I/71rvKUbhGbL._AC_UL320_.jpg
632,https://www.amazon.com/JPNK-Blackhead-Remover-Tools-Leather/dp/B01CNMASFY/ref=sr_1_6?crid=3VUT8RYL0Q5DJ&keywords=blackhead+remover&qid=1668802731&sprefix=blackhead+remover%2Caps%2C86&sr=8-6,"JPNK Blackhead Remover Tool Comedones Extractor Acne Removal Kit for Blemish, Whitehead Popping, 6 Pcs Zit Removing for Nose Face Tools with a Leather Bag",7 Piece Set,4.5 out of 5 stars,"48,570",$6.79 ,"FREE delivery Fri, Nov 25 on $25 of items shipped by AmazonOr fastest delivery Sun, Nov 20|",B01CNMASFY,https://m.media-amazon.com/images/I/71+U2ItVPJL._AC_UL320_.jpg
633,https://www.amazon.com/Blackhead-Cleansing-Moisturizing-Brightening-Blackheads/dp/B0972F2C39/ref=sr_1_7?crid=3VUT8RYL0Q5DJ&keywords=blackhead+remover&qid=1668802731&sprefix=blackhead+remover%2Caps%2C86&sr=8-7,"Green Tea Mask Stick for Face, Blackhead Remover, The Original Green Tea Mask Stick with Green Tea Extract, Deep Cleansing, Moisturizing, Skin Brightening, Removes Blackheads for All Skin Types",1.41 Ounce (Pack of 1),4.3 out of 5 stars,"4,406",$17.96 ,"FREE delivery Fri, Nov 25 on $25 of items shipped by AmazonOr fastest delivery Sun, Nov 20|",B0972F2C39,https://m.media-amazon.com/images/I/419e+hsohSL._AC_UL320_.jpg
634,https://www.amazon.com/sspa/click?ie=UTF8&spc=MTo2ODEyMDU0MjgzMjI5ODY6MTY2ODgwMjczMTpzcF9zZWFyY2hfdGhlbWF0aWM6MjAwMTAxMjU3MTE2ODk4OjowOjo&url=%2FBlackhead-Extractions-Camerafor-Interface-Adjustment%2Fdp%2FB0B2NQCFPJ%2Fref%3Dsxin_16_pa_sp_search_thematic_sspa%3Fcontent-id%3Damzn1.sym.4e7a2229-074e-44de-95c4-9fd858f46295%253Aamzn1.sym.4e7a2229-074e-44de-95c4-9fd858f46295%26crid%3D3VUT8RYL0Q5DJ%26cv_ct_cx%3Dblackhead%2Bremover%26keywords%3Dblackhead%2Bremover%26pd_rd_i%3DB0B2NQCFPJ%26pd_rd_r%3D6d7a05bb-72b7-43ee-becb-b4080e0859ec%26pd_rd_w%3D6O8JV%26pd_rd_wg%3DEFizO%26pf_rd_p%3D4e7a2229-074e-44de-95c4-9fd858f46295%26pf_rd_r%3D3NT4A63NB22FTW0SAS03%26qid%3D1668802731%26sprefix%3Dblackhead%2Bremover%252Caps%252C86%26sr%3D1-1-a73d1c8c-2fd2-4f19-aa41-2df022bcb241-spons%26sp_csd%3Dd2lkZ2V0TmFtZT1zcF9zZWFyY2hfdGhlbWF0aWM%26psc%3D1%26smid%3DA1BN3MVRC35G5B,"Blackhead Remover Vacuum, Black Head Extractions Tool with Camerafor, USB Interface Type Pore Vacuum, Men and Women Pore Cleaner, 6 Suction Heads & 3 Adjustment Modes",Sponsored | Based on star rating and number of customer ratings,4.5 out of 5 stars|4.3 out of 5 stars|4.3 out of 5 stars|4.2 out of 5 stars|4.4 out of 5 stars,"346|389|3,536|459|7,253",$35.99 ,,,https://m.media-amazon.com/images/I/71b6XK2TjdL._AC_UL320_.jpg|https://m.media-amazon.com/images/I/61gNqyymoTL._AC_UL320_.jpg|https://m.media-amazon.com/images/I/81TfuboH1PL._AC_UL320_.jpg|https://m.media-amazon.com/images/I/61lx8zwzokL._AC_UL320_.jpg|https://m.media-amazon.com/images/I/710ovxhumlL._AC_UL320_.jpg
635,https://www.amazon.com/sspa/click?ie=UTF8&spc=MTo2ODEyMDU0MjgzMjI5ODY6MTY2ODgwMjczMTpzcF9zZWFyY2hfdGhlbWF0aWM6MjAwMTAxMjU3MTE2ODk4OjowOjo&url=%2FBlackhead-Extractions-Camerafor-Interface-Adjustment%2Fdp%2FB0B2NQCFPJ%2Fref%3Dsxin_16_pa_sp_search_thematic_sspa%3Fcontent-id%3Damzn1.sym.4e7a2229-074e-44de-95c4-9fd858f46295%253Aamzn1.sym.4e7a2229-074e-44de-95c4-9fd858f46295%26crid%3D3VUT8RYL0Q5DJ%26cv_ct_cx%3Dblackhead%2Bremover%26keywords%3Dblackhead%2Bremover%26pd_rd_i%3DB0B2NQCFPJ%26pd_rd_r%3D6d7a05bb-72b7-43ee-becb-b4080e0859ec%26pd_rd_w%3D6O8JV%26pd_rd_wg%3DEFizO%26pf_rd_p%3D4e7a2229-074e-44de-95c4-9fd858f46295%26pf_rd_r%3D3NT4A63NB22FTW0SAS03%26qid%3D1668802731%26sprefix%3Dblackhead%2Bremover%252Caps%252C86%26sr%3D1-1-a73d1c8c-2fd2-4f19-aa41-2df022bcb241-spons%26sp_csd%3Dd2lkZ2V0TmFtZT1zcF9zZWFyY2hfdGhlbWF0aWM%26psc%3D1%26smid%3DA1BN3MVRC35G5B,"Blackhead Remover Vacuum, Black Head Extractions Tool with Camerafor, USB Interface Type Pore Vacuum, Men and Women Pore Cleaner, 6 Suction Heads & 3 Adjustment Modes",7 Piece Set,4.5 out of 5 stars,346,$35.99 ,,B0B2NQCFPJ,https://m.media-amazon.com/images/I/71b6XK2TjdL._AC_UL320_.jpg
636,https://www.amazon.com/sspa/click?ie=UTF8&spc=MTo2ODEyMDU0MjgzMjI5ODY6MTY2ODgwMjczMTpzcF9zZWFyY2hfdGhlbWF0aWM6MjAwMDg2OTk4MzgzMzk4OjoxOjo&url=%2FBlackhead-Rechargeable-Whitehead-Extraction-Adjustable%2Fdp%2FB09WYKYPDM%2Fref%3Dsxin_16_pa_sp_search_thematic_sspa%3Fcontent-id%3Damzn1.sym.4e7a2229-074e-44de-95c4-9fd858f46295%253Aamzn1.sym.4e7a2229-074e-44de-95c4-9fd858f46295%26crid%3D3VUT8RYL0Q5DJ%26cv_ct_cx%3Dblackhead%2Bremover%26keywords%3Dblackhead%2Bremover%26pd_rd_i%3DB09WYKYPDM%26pd_rd_r%3D6d7a05bb-72b7-43ee-becb-b4080e0859ec%26pd_rd_w%3D6O8JV%26pd_rd_wg%3DEFizO%26pf_rd_p%3D4e7a2229-074e-44de-95c4-9fd858f46295%26pf_rd_r%3D3NT4A63NB22FTW0SAS03%26qid%3D1668802731%26sprefix%3Dblackhead%2Bremover%252Caps%252C86%26sr%3D1-2-a73d1c8c-2fd2-4f19-aa41-2df022bcb241-spons%26sp_csd%3Dd2lkZ2V0TmFtZT1zcF9zZWFyY2hfdGhlbWF0aWM%26psc%3D1,"Blackhead Remover Pore Vacuum, Electric Facial Deep Cleaner, USB Rechargeable Male and Female Acne Whitehead Extraction Tool, 6 Suction Heads & 3 Adjustable Suction",1 Count (Pack of 1),4.3 out of 5 stars,389,$35.99 ,,B09WYKYPDM,https://m.media-amazon.com/images/I/61gNqyymoTL._AC_UL320_.jpg
637,https://www.amazon.com/sspa/click?ie=UTF8&spc=MTo2ODEyMDU0MjgzMjI5ODY6MTY2ODgwMjczMTpzcF9zZWFyY2hfdGhlbWF0aWM6MjAwMDkyNDcxMzg3MTk4OjoyOjo&url=%2FBlackhead-Rechargeable-Cleansing-Waterproof-Exfoliating%2Fdp%2FB09Y59N828%2Fref%3Dsxin_16_pa_sp_search_thematic_sspa%3Fcontent-id%3Damzn1.sym.4e7a2229-074e-44de-95c4-9fd858f46295%253Aamzn1.sym.4e7a2229-074e-44de-95c4-9fd858f46295%26crid%3D3VUT8RYL0Q5DJ%26cv_ct_cx%3Dblackhead%2Bremover%26keywords%3Dblackhead%2Bremover%26pd_rd_i%3DB09Y59N828%26pd_rd_r%3D6d7a05bb-72b7-43ee-becb-b4080e0859ec%26pd_rd_w%3D6O8JV%26pd_rd_wg%3DEFizO%26pf_rd_p%3D4e7a2229-074e-44de-95c4-9fd858f46295%26pf_rd_r%3D3NT4A63NB22FTW0SAS03%26qid%3D1668802731%26sprefix%3Dblackhead%2Bremover%252Caps%252C86%26sr%3D1-3-a73d1c8c-2fd2-4f19-aa41-2df022bcb241-spons%26sp_csd%3Dd2lkZ2V0TmFtZT1zcF9zZWFyY2hfdGhlbWF0aWM%26psc%3D1,"UMICKOO Blackhead Remover Vacuum,Rechargeable Facial Cleansing Brush with LCD Screen,IPX7 Waterproof 3 in 1 Facial Cleaner for Exfoliating, Massaging and Deep Pore Cleansing",($44.99/Count),4.3 out of 5 stars,"3,536",$44.99 ,,B09Y59N828,https://m.media-amazon.com/images/I/81TfuboH1PL._AC_UL320_.jpg
638,https://www.amazon.com/sspa/click?ie=UTF8&spc=MTo2ODEyMDU0MjgzMjI5ODY6MTY2ODgwMjczMTpzcF9zZWFyY2hfdGhlbWF0aWM6MjAwMDYxMzAxMjkyNzk4OjozOjo&url=%2FBlackhead-Remover-Pore-Vacuum-Rechargeable%2Fdp%2FB09W5VL4YK%2Fref%3Dsxin_16_pa_sp_search_thematic_sspa%3Fcontent-id%3Damzn1.sym.4e7a2229-074e-44de-95c4-9fd858f46295%253Aamzn1.sym.4e7a2229-074e-44de-95c4-9fd858f46295%26crid%3D3VUT8RYL0Q5DJ%26cv_ct_cx%3Dblackhead%2Bremover%26keywords%3Dblackhead%2Bremover%26pd_rd_i%3DB09W5VL4YK%26pd_rd_r%3D6d7a05bb-72b7-43ee-becb-b4080e0859ec%26pd_rd_w%3D6O8JV%26pd_rd_wg%3DEFizO%26pf_rd_p%3D4e7a2229-074e-44de-95c4-9fd858f46295%26pf_rd_r%3D3NT4A63NB22FTW0SAS03%26qid%3D1668802731%26sprefix%3Dblackhead%2Bremover%252Caps%252C86%26sr%3D1-4-a73d1c8c-2fd2-4f19-aa41-2df022bcb241-spons%26sp_csd%3Dd2lkZ2V0TmFtZT1zcF9zZWFyY2hfdGhlbWF0aWM%26psc%3D1%26smid%3DAAJRYILUQU9DO,"Blackhead Remover Pore Vacuum - LED Screen & USB Rechargeable Facial Pore Cleaner, Comedone Extractor Tool,Acne Extractor Tool with 3 Suction Power,4 Probes Black Head Extractions Tool for Women & Men",1 Count (Pack of 1),4.2 out of 5 stars,459,$21.99 ,,B09W5VL4YK,https://m.media-amazon.com/images/I/61lx8zwzokL._AC_UL320_.jpg
639,https://www.amazon.com/sspa/click?ie=UTF8&spc=MTo2ODEyMDU0MjgzMjI5ODY6MTY2ODgwMjczMTpzcF9zZWFyY2hfdGhlbWF0aWM6MjAwMDYzNTcxMjEyNzk4Ojo0Ojo&url=%2FTomata-Blackhead-Remover-Comedone-Extractor%2Fdp%2FB08CXP295N%2Fref%3Dsxin_16_pa_sp_search_thematic_sspa%3Fcontent-id%3Damzn1.sym.4e7a2229-074e-44de-95c4-9fd858f46295%253Aamzn1.sym.4e7a2229-074e-44de-95c4-9fd858f46295%26crid%3D3VUT8RYL0Q5DJ%26cv_ct_cx%3Dblackhead%2Bremover%26keywords%3Dblackhead%2Bremover%26pd_rd_i%3DB08CXP295N%26pd_rd_r%3D6d7a05bb-72b7-43ee-becb-b4080e0859ec%26pd_rd_w%3D6O8JV%26pd_rd_wg%3DEFizO%26pf_rd_p%3D4e7a2229-074e-44de-95c4-9fd858f46295%26pf_rd_r%3D3NT4A63NB22FTW0SAS03%26qid%3D1668802731%26sprefix%3Dblackhead%2Bremover%252Caps%252C86%26sr%3D1-5-a73d1c8c-2fd2-4f19-aa41-2df022bcb241-spons%26sp_csd%3Dd2lkZ2V0TmFtZT1zcF9zZWFyY2hfdGhlbWF0aWM%26psc%3D1,Blackhead Remover Pimple Popper Tool Kit - (6 Piece Kit) - Professional Stainless Pimples Comedone Extractor Removal Tool,6 Piece Set,4.4 out of 5 stars,"7,253",$9.99 ,,B08CXP295N,https://m.media-amazon.com/images/I/710ovxhumlL._AC_UL320_.jpg
641,https://www.amazon.com/Blackhead-Tool%EF%BC%8CStainless-Extractor-Treatment-Whitehead/dp/B08HLRDJMY/ref=sr_1_8?crid=3VUT8RYL0Q5DJ&keywords=blackhead+remover&qid=1668802731&sprefix=blackhead+remover%2Caps%2C86&sr=8-8,"Blackhead Remover, 2 PCS Pimple Popper Tool，Stainless Steel Pimple Extractor Blackhead Removal Tool Risk Free Treatment for Blemish,Whitehead Popping,Blemish",2 Count (Pack of 1),4.3 out of 5 stars,"2,865",$5.99 ,"FREE delivery Fri, Nov 25 on $25 of items shipped by AmazonOr fastest delivery Sun, Nov 20|",B08HLRDJMY,https://m.media-amazon.com/images/I/513ScpCkM8L._AC_UL320_.jpg
642,https://www.amazon.com/Blackhead-Charcoal-Cleansing-Blackheads-Silicone/dp/B0BFDR6BBF/ref=sr_1_9?crid=3VUT8RYL0Q5DJ&keywords=blackhead+remover&qid=1668802731&sprefix=blackhead+remover%2Caps%2C86&sr=8-9,"Blackhead Remover Mask, Peel Off Face Mask, Charcoal Face Mask for Deep Cleansing Blackheads, Pores, Dirts with Silicone Brush - 2.12 Fl Oz(60 Gram)",($6.14/Ounce),4.9 out of 5 stars,112,$12.99 ,"FREE delivery Fri, Nov 25 on $25 of items shipped by AmazonOr fastest delivery Sun, Nov 20|",B0BFDR6BBF,https://m.media-amazon.com/images/I/719TIYbU9yL._AC_UL320_.jpg
643,https://www.amazon.com/Blackhead-Cleaner-5-Rechargeable-Whitehead-Extractor/dp/B0BGP16WDP/ref=sr_1_10?crid=3VUT8RYL0Q5DJ&keywords=blackhead+remover&qid=1668802731&sprefix=blackhead+remover%2Caps%2C86&sr=8-10,"2022 Newest Blackhead Remover Pore Vacuum,Upgraded Facial Pore Cleaner-5 Suction Power,5 Probes,USB Rechargeable Blackhead Vacuum Kit Electric Acne Comedone Whitehead Extractor Tool for Women & Men",($19.99/Count),3.7 out of 5 stars,10,$19.99 ,"FREE delivery Fri, Nov 25 on $25 of items shipped by AmazonOr fastest delivery Sun, Nov 20|",B0BGP16WDP,https://m.media-amazon.com/images/I/61Xjm9budsL._AC_UL320_.jpg
644,https://www.amazon.com/Bior%C3%A9-Blackhead-Cleansing-Unclogging-Non-Comedogenic/dp/B006RFZ66K/ref=sr_1_11?crid=3VUT8RYL0Q5DJ&keywords=blackhead+remover&qid=1668802731&rdc=1&sprefix=blackhead+remover%2Caps%2C86&sr=8-11,"Bioré Nose+Face Blackhead Remover Pore Strips, 12 Nose + 12 Face Strips for Chin or Forehead, Deep Cleansing with Instant Blackhead Removal and Pore Unclogging, Non-Comedogenic Use, 24 Ct Value Size",24 Count (Pack of 1),4.3 out of 5 stars,"33,270",$14.99 ,"FREE delivery Fri, Nov 25 on $25 of items shipped by AmazonOr fastest delivery Sun, Nov 20|",B006RFZ66K,https://m.media-amazon.com/images/I/61BZsBF-rdL._AC_UL320_.jpg
645,https://www.amazon.com/Blackhead-Purifying-Charcoal-Cleansing-Blackheads/dp/B0929CDQBX/ref=sr_1_12?crid=3VUT8RYL0Q5DJ&keywords=blackhead+remover&qid=1668802731&sprefix=blackhead+remover%2Caps%2C86&sr=8-12,"Blackhead Remover Mask, 80ML Purifying Peel Off Mask Remover Mask, Charcoal Face Mask for Deep Cleansing Blackheads, Dirts, Pores",3.38 Fl Oz (Pack of 1),4.5 out of 5 stars,"4,041",$13.99 ,"FREE delivery Tue, Nov 29 on $25 of items shipped by AmazonOr fastest delivery Tue, Nov 22|",B0929CDQBX,https://m.media-amazon.com/images/I/61b0F4BJ2XL._AC_UL320_.jpg
646,https://www.amazon.com/Blackhead-Extractions-Camerafor-Interface-Adjustment/dp/B0B2NQCFPJ/ref=sr_1_13?crid=3VUT8RYL0Q5DJ&keywords=blackhead+remover&qid=1668802731&sprefix=blackhead+remover%2Caps%2C86&sr=8-13,"Blackhead Remover Vacuum, Black Head Extractions Tool with Camerafor, USB Interface Type Pore Vacuum, Men and Women Pore Cleaner, 6 Suction Heads & 3 Adjustment Modes",7 Piece Set,4.5 out of 5 stars,346,$35.99 ,"FREE delivery Tue, Nov 29 Or fastest delivery Tue, Nov 22|",B0B2NQCFPJ,https://m.media-amazon.com/images/I/71b6XK2TjdL._AC_UL320_.jpg
647,https://www.amazon.com/Blackhead-lalasis-Kit%EF%BC%8CBlackhead-Extractor-Extraction/dp/B0BF9WXD2V/ref=sxin_24_trfobq2a_0_B0BF9WXD2V?content-id=amzn1.sym.2500a036-1c45-42a8-89a2-72bf8896ce48%3Aamzn1.sym.2500a036-1c45-42a8-89a2-72bf8896ce48&crid=3VUT8RYL0Q5DJ&cv_ct_cx=blackhead+remover&keywords=blackhead+remover&pd_rd_i=B0BF9WXD2V&pd_rd_r=6d7a05bb-72b7-43ee-becb-b4080e0859ec&pd_rd_w=re0Cd&pd_rd_wg=EFizO&pf_rd_p=2500a036-1c45-42a8-89a2-72bf8896ce48&pf_rd_r=3NT4A63NB22FTW0SAS03&qid=1668802731&sprefix=blackhead+remover%2Caps%2C86&sr=1-1-c944532c-3909-4a2a-84a2-570d2ee3cd13,"Blackhead Remover Tool,lalasis 5 Pcs Pimple Popper Tool Kit，Blackhead Extractor Tool for Face Comedone Zit Acne Whitehead Blemish Popping Stainless Steel Extraction Tools Set",Amazon’s private and select exclusive brands,4.6 out of 5 stars|4.6 out of 5 stars|4.5 out of 5 stars|4.5 out of 5 stars|4.4 out of 5 stars|3.9 out of 5 stars,"65|29|203|4,635|34|76",$6.99 ,,,https://m.media-amazon.com/images/I/61HQ9ptIz0L._AC_UL320_.jpg|https://m.media-amazon.com/images/I/81hD63K0+9L._AC_UL320_.jpg|https://m.media-amazon.com/images/I/51ohyFZ+MCL._AC_UL320_.jpg|https://m.media-amazon.com/images/I/81EaapPzQhL._AC_UL320_.jpg|https://m.media-amazon.com/images/I/51C7Bl6YMqL._AC_UL320_.jpg|https://m.media-amazon.com/images/I/81MdLXL7CsL._AC_UL320_.jpg
648,https://www.amazon.com/Blackhead-lalasis-Kit%EF%BC%8CBlackhead-Extractor-Extraction/dp/B0BF9WXD2V/ref=sxin_24_trfobq2a_0_B0BF9WXD2V?content-id=amzn1.sym.2500a036-1c45-42a8-89a2-72bf8896ce48%3Aamzn1.sym.2500a036-1c45-42a8-89a2-72bf8896ce48&crid=3VUT8RYL0Q5DJ&cv_ct_cx=blackhead+remover&keywords=blackhead+remover&pd_rd_i=B0BF9WXD2V&pd_rd_r=6d7a05bb-72b7-43ee-becb-b4080e0859ec&pd_rd_w=re0Cd&pd_rd_wg=EFizO&pf_rd_p=2500a036-1c45-42a8-89a2-72bf8896ce48&pf_rd_r=3NT4A63NB22FTW0SAS03&qid=1668802731&sprefix=blackhead+remover%2Caps%2C86&sr=1-1-c944532c-3909-4a2a-84a2-570d2ee3cd13,"Blackhead Remover Tool,lalasis 5 Pcs Pimple Popper Tool Kit，Blackhead Extractor Tool for Face Comedone Zit Acne Whitehead Blemish Popping Stainless Steel Extraction Tools Set",($6.99/Count),4.6 out of 5 stars,65,$6.99 ,,B0BF9WXD2V,https://m.media-amazon.com/images/I/61HQ9ptIz0L._AC_UL320_.jpg
649,https://www.amazon.com/WOAMA-Blackhead-Whitehead-Stainless-Extraction/dp/B0B652L8LJ/ref=sxin_24_trfobq2a_1_B0B652L8LJ?content-id=amzn1.sym.2500a036-1c45-42a8-89a2-72bf8896ce48%3Aamzn1.sym.2500a036-1c45-42a8-89a2-72bf8896ce48&crid=3VUT8RYL0Q5DJ&cv_ct_cx=blackhead+remover&keywords=blackhead+remover&pd_rd_i=B0B652L8LJ&pd_rd_r=6d7a05bb-72b7-43ee-becb-b4080e0859ec&pd_rd_w=re0Cd&pd_rd_wg=EFizO&pf_rd_p=2500a036-1c45-42a8-89a2-72bf8896ce48&pf_rd_r=3NT4A63NB22FTW0SAS03&qid=1668802731&sprefix=blackhead+remover%2Caps%2C86&sr=1-2-c944532c-3909-4a2a-84a2-570d2ee3cd13,WOAMA Blackhead Remover Pimple Popper Tools Kit Whitehead Remover Stainless Steel Blackhead Extraction Tools for Nose Face with Black Bag - 9Pcs,1 Count (Pack of 9),4.6 out of 5 stars,29,$8.29 ,,B0B652L8LJ,https://m.media-amazon.com/images/I/81hD63K0+9L._AC_UL320_.jpg
650,https://www.amazon.com/Lalasis-Blackhead-Whitehead-Extractor-Rechargeable/dp/B0B24YG1GH/ref=sxin_24_trfobq2a_2_B0B24YG1GH?content-id=amzn1.sym.2500a036-1c45-42a8-89a2-72bf8896ce48%3Aamzn1.sym.2500a036-1c45-42a8-89a2-72bf8896ce48&crid=3VUT8RYL0Q5DJ&cv_ct_cx=blackhead+remover&keywords=blackhead+remover&pd_rd_i=B0B24YG1GH&pd_rd_r=6d7a05bb-72b7-43ee-becb-b4080e0859ec&pd_rd_w=re0Cd&pd_rd_wg=EFizO&pf_rd_p=2500a036-1c45-42a8-89a2-72bf8896ce48&pf_rd_r=3NT4A63NB22FTW0SAS03&qid=1668802731&sprefix=blackhead+remover%2Caps%2C86&sr=1-3-c944532c-3909-4a2a-84a2-570d2ee3cd13,"Lalasis Newest Blackhead Remover Pore Vacuum,Upgraded Facial Pore Cleaner,Electric Acne Comedone Whitehead Extractor Tool-5 Suction Power 5 Probes,USB Rechargeable Blackhead Vacuum Kit for Women & Men",1 Count (Pack of 1),4.5 out of 5 stars,203,$21.99 ,,B0B24YG1GH,https://m.media-amazon.com/images/I/51ohyFZ+MCL._AC_UL320_.jpg
651,https://www.amazon.com/Amazon-Brand-Solimo-Removing-Facial/dp/B0864Z62S3/ref=sxin_24_trfobq2a_3_B0864Z62S3?content-id=amzn1.sym.2500a036-1c45-42a8-89a2-72bf8896ce48%3Aamzn1.sym.2500a036-1c45-42a8-89a2-72bf8896ce48&crid=3VUT8RYL0Q5DJ&cv_ct_cx=blackhead+remover&keywords=blackhead+remover&pd_rd_i=B0864Z62S3&pd_rd_r=6d7a05bb-72b7-43ee-becb-b4080e0859ec&pd_rd_w=re0Cd&pd_rd_wg=EFizO&pf_rd_p=2500a036-1c45-42a8-89a2-72bf8896ce48&pf_rd_r=3NT4A63NB22FTW0SAS03&qid=1668802731&sprefix=blackhead+remover%2Caps%2C86&sr=1-4-c944532c-3909-4a2a-84a2-570d2ee3cd13,"Solimo Make Up Remover Wipes, 25ct (Pack of 6)",25 Count (Pack of 6),4.5 out of 5 stars,"4,635",$23.60 ,,B0864Z62S3,https://m.media-amazon.com/images/I/81EaapPzQhL._AC_UL320_.jpg
652,https://www.amazon.com/CGBE-Blackhead-Come-Done-Extractor-Blackheads/dp/B09Z2JXQNT/ref=sxin_24_trfobq2a_4_B09Z2JXQNT?content-id=amzn1.sym.2500a036-1c45-42a8-89a2-72bf8896ce48%3Aamzn1.sym.2500a036-1c45-42a8-89a2-72bf8896ce48&crid=3VUT8RYL0Q5DJ&cv_ct_cx=blackhead+remover&keywords=blackhead+remover&pd_rd_i=B09Z2JXQNT&pd_rd_r=6d7a05bb-72b7-43ee-becb-b4080e0859ec&pd_rd_w=re0Cd&pd_rd_wg=EFizO&pf_rd_p=2500a036-1c45-42a8-89a2-72bf8896ce48&pf_rd_r=3NT4A63NB22FTW0SAS03&qid=1668802731&sprefix=blackhead+remover%2Caps%2C86&sr=1-5-c944532c-3909-4a2a-84a2-570d2ee3cd13,"CGBE Pimple Popper Tool Kit Blackhead Remover Come-Done Extractor Kit for Removal of Pimples, Blackheads, Zit Removing, Forehead,Facial and Nose (Curved Tweezer)",($8.95/Count),4.4 out of 5 stars,34,$8.95 ,,B09Z2JXQNT,https://m.media-amazon.com/images/I/51C7Bl6YMqL._AC_UL320_.jpg
653,https://www.amazon.com/Freefa-Crystal-Hair-Eraser-Women/dp/B0B42V8WDR/ref=sxin_24_trfobq2a_5_B0B42V8WDR?content-id=amzn1.sym.2500a036-1c45-42a8-89a2-72bf8896ce48%3Aamzn1.sym.2500a036-1c45-42a8-89a2-72bf8896ce48&crid=3VUT8RYL0Q5DJ&cv_ct_cx=blackhead+remover&keywords=blackhead+remover&pd_rd_i=B0B42V8WDR&pd_rd_r=6d7a05bb-72b7-43ee-becb-b4080e0859ec&pd_rd_w=re0Cd&pd_rd_wg=EFizO&pf_rd_p=2500a036-1c45-42a8-89a2-72bf8896ce48&pf_rd_r=3NT4A63NB22FTW0SAS03&qid=1668802731&sprefix=blackhead+remover%2Caps%2C86&sr=1-6-c944532c-3909-4a2a-84a2-570d2ee3cd13,Freefa Crystal Hair Eraser for Women Men - Smooth Hair Eraser Upgraded Version Nano Mirror Eraser - Painless Crystal Hair Remover with Nano Nail File - Portable Leg Hair Remover (Black),($25.96/Count),3.9 out of 5 stars,76,$25.96 ,,B0B42V8WDR,https://m.media-amazon.com/images/I/81MdLXL7CsL._AC_UL320_.jpg
654,https://www.amazon.com/Blackhead-Tool%EF%BC%8CStainless-Extractor-Treatment-Whitehead/dp/B08HLRDJMY/ref=sxin_25_ac_d_hl?ac_md=1-0-T3ZlcmFsbCBDaG9pY2U%3D-ac_d_hl_hl_ac&content-id=amzn1.sym.3663916c-38f6-4d73-9801-2e9551111db6%3Aamzn1.sym.3663916c-38f6-4d73-9801-2e9551111db6&crid=3VUT8RYL0Q5DJ&cv_ct_cx=blackhead+remover&keywords=blackhead+remover&pd_rd_i=B08HLRDJMY&pd_rd_r=6d7a05bb-72b7-43ee-becb-b4080e0859ec&pd_rd_w=4W43U&pd_rd_wg=EFizO&pf_rd_p=3663916c-38f6-4d73-9801-2e9551111db6&pf_rd_r=3NT4A63NB22FTW0SAS03&psc=1&qid=1668802731&sprefix=blackhead+remover%2Caps%2C86&sr=1-1-25fd44b4-555a-4528-b40c-891e95133f20,"Blackhead Remover, 2 PCS Pimple Popper Tool，Stainless Steel Pimple Extractor Blackhead Removal Tool Risk Free Treatment for Blemish,Whitehead Popping,Blemish",Highly rated and well-priced,4.3 out of 5 stars|4.4 out of 5 stars|4.3 out of 5 stars|4.0 out of 5 stars|4.0 out of 5 stars,"2,865|7,371|498|442|1,309",$5.99 ,"Climate Pledge Friendly|Climate Pledge Friendly|Climate Pledge Friendly|<img alt="""" src=""https://m.media-amazon.com/images/I/216-OX9rBaL._SS200_.png"" height=""50px"" width=""50px""/>  Climate Pledge Friendly|<img alt="""" src=""https://m.media-amazon.com/images/I/216-OX9rBaL._SS200_.png"" height=""50px"" width=""50px""/>  Climate Pledge Friendly|<img alt="""" src=""https://m.media-amazon.com/images/I/51vC-CaTYRL._SS200_.png"" height=""50px"" width=""50px""/> Carbonfree Certified",,https://m.media-amazon.com/images/I/513ScpCkM8L._AC_UL320_.jpg|https://m.media-amazon.com/images/I/41D0HB44y1L._AC_UL320_.jpg|https://m.media-amazon.com/images/I/216-OX9rBaL._SS200_.png|||https://m.media-amazon.com/images/I/61ZQFcWefYL._AC_UL320_.jpg|https://m.media-amazon.com/images/I/61efbqTuDxL._AC_UL320_.jpg|https://m.media-amazon.com/images/I/71EyjPYzujL._AC_UL320_.jpg
656,https://www.amazon.com/Biore-Cleansing-Charcoal-Strips-Count/dp/B00T6IHQCC/ref=sr_1_14?crid=3VUT8RYL0Q5DJ&keywords=blackhead+remover&qid=1668802731&rdc=1&sprefix=blackhead+remover%2Caps%2C86&sr=8-14,"Bioré Charcoal Blackhead Remover Pore Strips, Deep Cleansing Nose Strips for Blackhead Removal and Pore Unclogging, 3X Less Oil, 6 Count",($1.15/Count),4.2 out of 5 stars,"35,718",$6.87 ,"FREE delivery Fri, Nov 25 on $25 of items shipped by AmazonOr fastest delivery Mon, Nov 21|",B00T6IHQCC,https://m.media-amazon.com/images/I/71F9XjsuZUL._AC_UL320_.jpg
657,https://www.amazon.com/Blackhead-Remover-Cleansing-Moisturizing-Brightening/dp/B0BHBBCSRB/ref=sr_1_15?crid=3VUT8RYL0Q5DJ&keywords=blackhead+remover&qid=1668802731&sprefix=blackhead+remover%2Caps%2C86&sr=8-15,"Green Tea Mask Stick for Face(2PCS), Blackhead Remover, Deep Pore Cleansing, Moisturizing, Brightening for Men and Women",0.5 Fl Oz (Pack of 2),4.8 out of 5 stars,19,$15.99 ,"FREE delivery Fri, Nov 25 on $25 of items shipped by AmazonOr fastest delivery Sun, Nov 20|",B0BHBBCSRB,https://m.media-amazon.com/images/I/616c41T9IRL._AC_UL320_.jpg
658,https://www.amazon.com/Blackhead-Extractor-Magnifying-Glass%EF%BC%8CStainless-Whitehead/dp/B0989W8SSM/ref=sr_1_16?crid=3VUT8RYL0Q5DJ&keywords=blackhead+remover&qid=1668802731&sprefix=blackhead+remover%2Caps%2C86&sr=8-16,"Blackhead Remover Pimple Popper Tool Kit 4 Pcs Acne Comedone Zit Blackhead Extractor Tool for Nose Face,Stainless Steel Whitehead Popping Removal Tool Set",4 Piece Set,4.3 out of 5 stars,379,$2.99 ,"FREE delivery Fri, Nov 25 on $25 of items shipped by AmazonOr fastest delivery Sun, Nov 20|",B0989W8SSM,https://m.media-amazon.com/images/I/61uUaPO+cNL._AC_UL320_.jpg
659,https://www.amazon.com/sspa/click?ie=UTF8&spc=MTo2ODM0MTk0MjY2NTI0MzA2OjE2Njg4MDI3MzE6c3BfbXRmOjIwMDA2NTY0NTg2MDI1MTo6MDo6&url=%2FBlackhead-Remover-Pore-Vacuum-Women%25EF%25BC%2588Pink%2Fdp%2FB07YQQW3PM%2Fref%3Dsr_1_17_sspa%3Fcrid%3D3VUT8RYL0Q5DJ%26keywords%3Dblackhead%2Bremover%26qid%3D1668802731%26sprefix%3Dblackhead%2Bremover%252Caps%252C86%26sr%3D8-17-spons%26sp_csd%3Dd2lkZ2V0TmFtZT1zcF9tdGY%26psc%3D1,Blackhead Remover Pore Vacuum Electric Blackhead Vacuum Cleaner Blackhead Extractor Tool Device Comedo Removal Suction Beauty Device for Women（Pink),Sponsored,3.9 out of 5 stars,"2,623",$14.95 ,"FREE delivery Fri, Nov 25 on $25 of items shipped by AmazonOr fastest delivery Tue, Nov 22|",B07YQQW3PM,https://m.media-amazon.com/images/I/61XQ0mWjSPL._AC_UL320_.jpg
660,https://www.amazon.com/sspa/click?ie=UTF8&spc=MTo2ODM0MTk0MjY2NTI0MzA2OjE2Njg4MDI3MzE6c3BfbXRmOjIwMDA2NDU2Nzg0NDMyMTo6MDo6&url=%2FBlackhead-Tool%25EF%25BC%258CStainless-Extractor-Treatment-Whitehead%2Fdp%2FB08HLRDJMY%2Fref%3Dsr_1_18_sspa%3Fcrid%3D3VUT8RYL0Q5DJ%26keywords%3Dblackhead%2Bremover%26qid%3D1668802731%26sprefix%3Dblackhead%2Bremover%252Caps%252C86%26sr%3D8-18-spons%26sp_csd%3Dd2lkZ2V0TmFtZT1zcF9tdGY%26psc%3D1,"Blackhead Remover, 2 PCS Pimple Popper Tool，Stainless Steel Pimple Extractor Blackhead Removal Tool Risk Free Treatment for Blemish,Whitehead Popping,Blemish",Sponsored,4.3 out of 5 stars,"2,865",$5.99 ,"FREE delivery Fri, Nov 25 on $25 of items shipped by AmazonOr fastest delivery Sun, Nov 20|",B08HLRDJMY,https://m.media-amazon.com/images/I/513ScpCkM8L._AC_UL320_.jpg
661,https://www.amazon.com/sspa/click?ie=UTF8&spc=MTo2ODM0MTk0MjY2NTI0MzA2OjE2Njg4MDI3MzE6c3BfbXRmOjIwMDA4NDM5MzQxOTA2MTo6MDo6&url=%2FBior%25C3%25A9-Blackhead-Cleansing-Unclogging-Non-Comedogenic%2Fdp%2FB006RFZ66K%2Fref%3Dsr_1_19_sspa%3Fcrid%3D3VUT8RYL0Q5DJ%26keywords%3Dblackhead%2Bremover%26qid%3D1668802731%26rdc%3D1%26sprefix%3Dblackhead%2Bremover%252Caps%252C86%26sr%3D8-19-spons%26sp_csd%3Dd2lkZ2V0TmFtZT1zcF9tdGY%26psc%3D1,"Bioré Nose+Face Blackhead Remover Pore Strips, 12 Nose + 12 Face Strips for Chin or Forehead, Deep Cleansing with Instant Blackhead Removal and Pore Unclogging, Non-Comedogenic Use, 24 Ct Value Size",Sponsored,4.3 out of 5 stars,"33,270",$14.99 ,"FREE delivery Fri, Nov 25 on $25 of items shipped by AmazonOr fastest delivery Sun, Nov 20|",B006RFZ66K,https://m.media-amazon.com/images/I/61BZsBF-rdL._AC_UL320_.jpg
662,https://www.amazon.com/sspa/click?ie=UTF8&spc=MTo2ODM0MTk0MjY2NTI0MzA2OjE2Njg4MDI3MzE6c3BfbXRmOjIwMDAyOTQ3MDQzMjM5ODo6MDo6&url=%2FBlackhead-Rechargeable-Waterproof-Exfoliating-Mint-Green%2Fdp%2FB09J2HTVT5%2Fref%3Dsr_1_20_sspa%3Fcrid%3D3VUT8RYL0Q5DJ%26keywords%3Dblackhead%2Bremover%26qid%3D1668802731%26sprefix%3Dblackhead%2Bremover%252Caps%252C86%26sr%3D8-20-spons%26sp_csd%3Dd2lkZ2V0TmFtZT1zcF9tdGY%26psc%3D1,"UMICKOO Blackhead Remover Vacuum,Rechargeable Facial Cleansing Brush with LCD Screen,IPX7 Waterproof 3 in 1 Facial Cleaner for Exfoliating, Massaging and Deep Pore Cleansing",Sponsored,4.3 out of 5 stars,"3,536",$35.99 ,"FREE delivery Fri, Nov 25 Or fastest delivery Sun, Nov 20|",B09J2HTVT5,https://m.media-amazon.com/images/I/81e9LCj8scL._AC_UL320_.jpg
663,https://www.amazon.com/Blackhead-Electric-Adjustable-Replacement-Rechargeable/dp/B07Z6BLBLP/ref=sr_1_21?crid=3VUT8RYL0Q5DJ&keywords=blackhead+remover&qid=1668802731&sprefix=blackhead+remover%2Caps%2C86&sr=8-21,"2022 Newest Blackhead Remover Pore Vacuum,Upgraded Facial Pore Cleaner,Electric Acne Comedone Whitehead Extractor Tool-5 Suction Power,5 Probes,USB Rechargeable Blackhead Vacuum Kit for Women & Men",9 Piece Set,3.9 out of 5 stars,"14,114",$32.99 ,"FREE delivery Fri, Nov 25 Or fastest delivery Sun, Nov 20|",B07Z6BLBLP,https://m.media-amazon.com/images/I/61PGQYMiBAS._AC_UL320_.jpg
664,https://www.amazon.com/Blackhead-Purifying-Charcoal-Cleansing-Blackheads/dp/B09ZKV6F22/ref=sr_1_22?crid=3VUT8RYL0Q5DJ&keywords=blackhead+remover&qid=1668802731&sprefix=blackhead+remover%2Caps%2C86&sr=8-22,"Blackhead Remover Mask, 80ML Purifying Peel Off Mask Remover Mask, Charcoal Face Mask for Deep Cleansing Blackheads",2.82 Ounce (Pack of 1),4.6 out of 5 stars,"1,137",$13.99 ,"FREE delivery Fri, Nov 25 on $25 of items shipped by AmazonOr fastest delivery Sun, Nov 20|",B09ZKV6F22,https://m.media-amazon.com/images/I/61TFjSQgIUL._AC_UL320_.jpg
665,https://www.amazon.com/Scrubber-Blackhead-Comedones-Extractor-Cleansing/dp/B086GVN5RK/ref=sr_1_23?crid=3VUT8RYL0Q5DJ&keywords=blackhead+remover&qid=1668802731&sprefix=blackhead+remover%2Caps%2C86&sr=8-23,"Skin Scrubber Face Skin Spatula Blackhead Remover Pore Cleaner Face Beauty Lifting Tool Comedones Extractor with 4 Modes , Facial Scrubber Spatula for Deep Cleansing with Two Silicone Case",5 Piece Set,4.1 out of 5 stars,"10,171",$20.99 ,"FREE delivery Fri, Nov 25 on $25 of items shipped by AmazonOr fastest delivery Sun, Nov 20|",B086GVN5RK,https://m.media-amazon.com/images/I/61i+p+Ve8GS._AC_UL320_.jpg
666,https://www.amazon.com/Green-Moisturizing-Moisturizer-Brightening-Blackheads/dp/B0BH3WV18K/ref=sr_1_24?crid=3VUT8RYL0Q5DJ&keywords=blackhead+remover&qid=1668802731&sprefix=blackhead+remover%2Caps%2C86&sr=8-24,"2PC Green Tea Mask Stick, Blackhead Remover for Face Moisturizing with Green Tea Extract Dry Skin Face Moisturizer, Deep Pore Cleansing, Skin Brightening, Moisturizing Face Mask, Removes Blackheads for All Skin Types.",2 Count (Pack of 1),4.2 out of 5 stars,117,$14.97 ,"FREE delivery Fri, Nov 25 on $25 of items shipped by AmazonOr fastest delivery Tue, Nov 22||Small Business|Small Business|Small Business|<img alt="""" src=""https://m.media-amazon.com/images/I/111mHoVK0kL._SS200_.png"" height=""50px"" width=""50px""/>  Small Business|<img alt="""" src=""https://m.media-amazon.com/images/I/111mHoVK0kL._SS200_.png"" height=""50px"" width=""50px""/>  Small Business",B0BH3WV18K,https://m.media-amazon.com/images/I/61-5iD-bIKL._AC_UL320_.jpg|https://m.media-amazon.com/images/I/111mHoVK0kL._SS200_.png|
667,https://www.amazon.com/Electric-Rechargeable-Blackhead-Extractor-Rotatable/dp/B0B4J2BRSJ/ref=sr_1_25?crid=3VUT8RYL0Q5DJ&keywords=blackhead+remover&qid=1668802731&sprefix=blackhead+remover%2Caps%2C86&sr=8-25,"Black Head Vacume Remover, TXE Electric Rechargeable Pore Vacuum Blackhead Remover Kit, Pore Extractor Facial Pore Cleaner Suction Tool with 5 Suction Power Probes Rotatable Head",($14.99/Count),4.1 out of 5 stars,14,$14.99 ,"FREE delivery Fri, Nov 25 on $25 of items shipped by AmazonOr fastest delivery Sun, Nov 20|",B0B4J2BRSJ,https://m.media-amazon.com/images/I/61m7GnHAzmL._AC_UL320_.jpg
668,https://www.amazon.com/Blackhead-Remover-Pore-Vacuum-Women%EF%BC%88Pink/dp/B07YQQW3PM/ref=sr_1_26?crid=3VUT8RYL0Q5DJ&keywords=blackhead+remover&qid=1668802731&sprefix=blackhead+remover%2Caps%2C86&sr=8-26,Blackhead Remover Pore Vacuum Electric Blackhead Vacuum Cleaner Blackhead Extractor Tool Device Comedo Removal Suction Beauty Device for Women（Pink),1 Count (Pack of 1),3.9 out of 5 stars,"2,623",$14.95 ,"FREE delivery Fri, Nov 25 on $25 of items shipped by AmazonOr fastest delivery Tue, Nov 22|",B07YQQW3PM,https://m.media-amazon.com/images/I/61XQ0mWjSPL._AC_UL320_.jpg
669,https://www.amazon.com/BESTOPE-Blackhead-Remover-Comedone-Extractor/dp/B019SVHLEY/ref=sr_1_27?crid=3VUT8RYL0Q5DJ&keywords=blackhead+remover&qid=1668802731&sprefix=blackhead+remover%2Caps%2C86&sr=8-27,"TAYTHI Blackhead Remover Tool, Pimple Popper Tool Kit, Blackhead Extractor tool for Face, Extractor Tool for Comedone Zit Acne Whitehead Blemish, Stainless Steel Extraction tools",5 Piece Set,4.5 out of 5 stars,"6,612",$8.99 ,"FREE delivery Fri, Nov 25 on $25 of items shipped by AmazonOr fastest delivery Sun, Nov 20|",B019SVHLEY,https://m.media-amazon.com/images/I/61DwN75+BBL._AC_UL320_.jpg
670,https://www.amazon.com/Blackhead-Cbiumpro-Extractor-Professional-Comedone/dp/B07Q741BXC/ref=sr_1_28?crid=3VUT8RYL0Q5DJ&keywords=blackhead+remover&qid=1668802731&sprefix=blackhead+remover%2Caps%2C86&sr=8-28,"Blackhead Remover Tools, Pimple Popper Tool Kit, 6 Pack Professional Comedones Extractor Acne Removal Kit for Blemishs, Whitehead Popping, Zit Removing for Nose Face - with Organized Case",6 Piece Set,4.5 out of 5 stars,"3,549",$6.14 ,"FREE delivery Fri, Nov 25 on $25 of items shipped by AmazonOr fastest delivery Sun, Nov 20|",B07Q741BXC,https://m.media-amazon.com/images/I/71uM26gBmlL._AC_UL320_.jpg
671,https://www.amazon.com/Blackhead-Remover-Cleansing-Moisturizing-Brightening/dp/B09SVRYT4N/ref=sr_1_29?crid=3VUT8RYL0Q5DJ&keywords=blackhead+remover&qid=1668802731&sprefix=blackhead+remover%2Caps%2C86&sr=8-29,"Green Tea Mask Stick for Face(2PCS), Blackhead Remover, Deep Pore Cleansing, Moisturizing, Brightening for Men and Women",2 Count (Pack of 1),4.2 out of 5 stars,"1,963",$16.95 ,"FREE delivery Fri, Nov 25 on $25 of items shipped by AmazonOr fastest delivery Mon, Nov 21||Small Business|Small Business|Small Business|<img alt="""" src=""https://m.media-amazon.com/images/I/111mHoVK0kL._SS200_.png"" height=""50px"" width=""50px""/>  Small Business|<img alt="""" src=""https://m.media-amazon.com/images/I/111mHoVK0kL._SS200_.png"" height=""50px"" width=""50px""/>  Small Business",B09SVRYT4N,https://m.media-amazon.com/images/I/61qkJQGT5WL._AC_UL320_.jpg|https://m.media-amazon.com/images/I/111mHoVK0kL._SS200_.png|
672,https://www.amazon.com/Blackhead-Remover-Upgraded-Rechargeable-Extractions/dp/B0BGL14P1K/ref=sr_1_30?crid=3VUT8RYL0Q5DJ&keywords=blackhead+remover&qid=1668802731&sprefix=blackhead+remover%2Caps%2C86&sr=8-30,"Blackhead Remover Pore Vacuum,Newest Upgraded USB Rechargeable Facial Pore Cleaner Blackhead Removal Kit with 3 Suction Power,3 Probes Black Head Extractions Tool for Women & Men (White)",($15.99/Count),4.5 out of 5 stars,633,$15.99 ,"FREE delivery Fri, Nov 25 on $25 of items shipped by AmazonOr fastest delivery Sun, Nov 20|",B0BGL14P1K,https://m.media-amazon.com/images/I/61CCJ9Ryx9L._AC_UL320_.jpg
673,https://www.amazon.com/YueKeCH-Blackhead-Adjustable-Rechargeable-Extractor/dp/B0B2DPLF62/ref=sr_1_31?crid=3VUT8RYL0Q5DJ&keywords=blackhead+remover&qid=1668802731&sprefix=blackhead+remover%2Caps%2C86&sr=8-31,"YueKeCH Blackhead Vacuum Remover Acne Remover,Facial Pore Cleanser Electric Comedone, 3 Adjustable Suction Power, USB Rechargeable, LED Screen Extractor Tool for Women & Men, White, M1905",($9.99/Count),3.3 out of 5 stars,218,$9.99 ,"FREE delivery Fri, Nov 25 on $25 of items shipped by AmazonOr fastest delivery Tue, Nov 22|",B0B2DPLF62,https://m.media-amazon.com/images/I/61UpNjiBKPL._AC_UL320_.jpg
674,https://www.amazon.com/JVR-Blackhead-Charcoal-Purifying-Cleansing/dp/B081V3XWMW/ref=sr_1_32?crid=3VUT8RYL0Q5DJ&keywords=blackhead+remover&qid=1668802731&sprefix=blackhead+remover%2Caps%2C86&sr=8-32,"Peel Off Face Mask, JVR Blackhead Remover Mask for Men, Women, Charcoal Peel Off Black Mask, Facial Mask Purifying and Deep Cleansing for All Skin Types 4.23 OZ",4.23 Ounce (Pack of 1),4.1 out of 5 stars,"2,750",$15.99 ,"FREE delivery Fri, Nov 25 on $25 of items shipped by AmazonOr fastest delivery Sun, Nov 20|",B081V3XWMW,https://m.media-amazon.com/images/I/61UPkxa9kVL._AC_UL320_.jpg
675,https://www.amazon.com/sspa/click?ie=UTF8&spc=MTo2ODM0MTk0MjY2NTI0MzA2OjE2Njg4MDI3MzE6c3BfbXRmOjIwMDAyNzI2MjE2ODMzMTo6MDo6&url=%2FJPNK-Blackhead-Remover-Tools-Leather%2Fdp%2FB01CNMASFY%2Fref%3Dsr_1_33_sspa%3Fcrid%3D3VUT8RYL0Q5DJ%26keywords%3Dblackhead%2Bremover%26qid%3D1668802731%26sprefix%3Dblackhead%2Bremover%252Caps%252C86%26sr%3D8-33-spons%26sp_csd%3Dd2lkZ2V0TmFtZT1zcF9tdGY%26psc%3D1,"JPNK Blackhead Remover Tool Comedones Extractor Acne Removal Kit for Blemish, Whitehead Popping, 6 Pcs Zit Removing for Nose Face Tools with a Leather Bag",Sponsored,4.5 out of 5 stars,"48,570",$6.79 ,"FREE delivery Fri, Nov 25 on $25 of items shipped by AmazonOr fastest delivery Sun, Nov 20|",B01CNMASFY,https://m.media-amazon.com/images/I/71+U2ItVPJL._AC_UL320_.jpg
676,https://www.amazon.com/sspa/click?ie=UTF8&spc=MTo2ODM0MTk0MjY2NTI0MzA2OjE2Njg4MDI3MzE6c3BfbXRmOjIwMDA0NDk1OTY0NDU5ODo6MDo6&url=%2FBESTOPE-Blackhead-Remover-Comedone-Extractor%2Fdp%2FB019SVHLEY%2Fref%3Dsr_1_34_sspa%3Fcrid%3D3VUT8RYL0Q5DJ%26keywords%3Dblackhead%2Bremover%26qid%3D1668802731%26sprefix%3Dblackhead%2Bremover%252Caps%252C86%26sr%3D8-34-spons%26sp_csd%3Dd2lkZ2V0TmFtZT1zcF9tdGY%26psc%3D1%26smid%3DA2L43TD5SX6X2I,"TAYTHI Blackhead Remover Tool, Pimple Popper Tool Kit, Blackhead Extractor tool for Face, Extractor Tool for Comedone Zit Acne Whitehead Blemish, Stainless Steel Extraction tools",Sponsored,4.5 out of 5 stars,"6,612",$8.99 ,"FREE delivery Fri, Nov 25 on $25 of items shipped by AmazonOr fastest delivery Sun, Nov 20|",B019SVHLEY,https://m.media-amazon.com/images/I/61DwN75+BBL._AC_UL320_.jpg
677,https://www.amazon.com/sspa/click?ie=UTF8&spc=MTo2ODM0MTk0MjY2NTI0MzA2OjE2Njg4MDI3MzE6c3BfbXRmOjIwMDA2NTY0NTg2MDM1MTo6MDo6&url=%2FBlackhead-Remover-Pore-Vacuum-Extractor%2Fdp%2FB08GQ79NBN%2Fref%3Dsr_1_35_sspa%3Fcrid%3D3VUT8RYL0Q5DJ%26keywords%3Dblackhead%2Bremover%26qid%3D1668802731%26sprefix%3Dblackhead%2Bremover%252Caps%252C86%26sr%3D8-35-spons%26sp_csd%3Dd2lkZ2V0TmFtZT1zcF9tdGY%26psc%3D1%26smid%3DAVO1JZ36RBHXV,"Blackhead Remover, POPPYO Blackhead Vacuum, Electric Facial Vacuum Cleaner, Pore Vacuum Extractor Tool, Comedo Removal Beauty Suction Device for Women(Purple)",Sponsored,3.8 out of 5 stars,295,$25.99 ,"FREE delivery Fri, Nov 25 Or fastest delivery Sun, Nov 20|",B08GQ79NBN,https://m.media-amazon.com/images/I/61oLjgx2JQL._AC_UL320_.jpg
678,https://www.amazon.com/sspa/click?ie=UTF8&spc=MTo2ODM0MTk0MjY2NTI0MzA2OjE2Njg4MDI3MzE6c3BfbXRmOjIwMDA5NTAwMjY5MjU5ODo6MDo6&url=%2FMENOLY-Blackhead-Removing-Whitehead-Extractor%2Fdp%2FB09G6L6QHN%2Fref%3Dsr_1_36_sspa%3Fcrid%3D3VUT8RYL0Q5DJ%26keywords%3Dblackhead%2Bremover%26qid%3D1668802731%26sprefix%3Dblackhead%2Bremover%252Caps%252C86%26sr%3D8-36-spons%26sp_csd%3Dd2lkZ2V0TmFtZT1zcF9tdGY%26psc%3D1,"Pimple Popper Tool Kit 10 Pcs, MENOLY Newest Blackhead Remover Pimple Comedone Extractor Tools for Easy and Fast Removal of Blackheads, Pimples and Blemish on Face, with Elaborate Leather Bag",Sponsored,4.5 out of 5 stars,"10,821",$9.99 ,"FREE delivery Fri, Nov 25 on $25 of items shipped by AmazonOr fastest delivery Sun, Nov 20|",B09G6L6QHN,https://m.media-amazon.com/images/I/819ZUHSluvL._AC_UL320_.jpg
679,https://www.amazon.com/Professional-Blackhead-Blemish-Remover-Extractor/dp/B00GEJSHQU/ref=sr_1_37?crid=3VUT8RYL0Q5DJ&keywords=blackhead+remover&qid=1668802731&sprefix=blackhead+remover%2Caps%2C86&sr=8-37,Utopia Care - Professional Blackhead and Blemish Remover - Pimple Comedone Removal 2-in-1 Extractor Tool,1 Count (Pack of 1),4.2 out of 5 stars,"3,794",$4.99 ,"FREE delivery Fri, Nov 25 on $25 of items shipped by AmazonOr fastest delivery Sun, Nov 20||Small Business|Small Business|Small Business|<img alt="""" src=""https://m.media-amazon.com/images/I/111mHoVK0kL._SS200_.png"" height=""50px"" width=""50px""/>  Small Business|<img alt="""" src=""https://m.media-amazon.com/images/I/111mHoVK0kL._SS200_.png"" height=""50px"" width=""50px""/>  Small Business",B00GEJSHQU,https://m.media-amazon.com/images/I/61gCx3ZC+RL._AC_UL320_.jpg|https://m.media-amazon.com/images/I/111mHoVK0kL._SS200_.png|
680,https://www.amazon.com/Blackhead-Comedone-Whitehead-Extractor-Rechargeable/dp/B0BK8P7J77/ref=sr_1_38?crid=3VUT8RYL0Q5DJ&keywords=blackhead+remover&qid=1668802731&sprefix=blackhead+remover%2Caps%2C86&sr=8-38,"Blackhead Remover Pore Vacuum,Acne Remover,Comedone Whitehead Extractor Tool-3 Suction Power,4Probes,USB Rechargeable Blackhead Vacuum Kit for Women & Men",($22.99/Count),4.7 out of 5 stars,107,$22.99 ,"FREE delivery Fri, Nov 25 on $25 of items shipped by AmazonOr fastest delivery Sun, Nov 20|",B0BK8P7J77,https://m.media-amazon.com/images/I/61tFAaQiqBL._AC_UL320_.jpg
681,https://www.amazon.com/2022-Latest-Blackhead-Remover-Tools/dp/B09H5MCYQP/ref=sr_1_39?crid=3VUT8RYL0Q5DJ&keywords=blackhead+remover&qid=1668802731&sprefix=blackhead+remover%2Caps%2C86&sr=8-39,"Blackhead Remover Tools, 2022 Latest 16 PCS Pimple Popper Tool Kit, Acne Blackhead Tools for Blemish, 410 Premium Professional Stainless Acne Pimple Extractor Tool with Metal Box",17 Piece Set,4.7 out of 5 stars,528,$9.99 ,"FREE delivery Fri, Nov 25 on $25 of items shipped by AmazonOr fastest delivery Sun, Nov 20|",B09H5MCYQP,https://m.media-amazon.com/images/I/81TFYH2Et1L._AC_UL320_.jpg
682,https://www.amazon.com/TONYMOLY-Tako-Blackhead-Scrub-Stick/dp/B075GWQMP6/ref=sr_1_40?crid=3VUT8RYL0Q5DJ&keywords=blackhead+remover&qid=1668802731&sprefix=blackhead+remover%2Caps%2C86&sr=8-40,Tako Pore Collection,1 Count (Pack of 1),4.0 out of 5 stars,"10,952",$12.50 ,"FREE delivery Fri, Nov 25 on $25 of items shipped by AmazonOr fastest delivery Sun, Nov 20|",B075GWQMP6,https://m.media-amazon.com/images/I/61r43QbYJcL._AC_UL320_.jpg
683,https://www.amazon.com/Paulas-Choice-SKIN-PERFECTING-Exfoliant-Facial-Lines-1-1oz/dp/B07C5SS6YD/ref=sr_1_41?crid=3VUT8RYL0Q5DJ&keywords=blackhead+remover&qid=1668802731&sprefix=blackhead+remover%2Caps%2C86&sr=8-41,"Paula's Choice Skin Perfecting 2% BHA Liquid Salicylic Acid Exfoliant, Gentle Facial Exfoliator for Blackheads, Large Pores, Wrinkles & Fine Lines, Travel Size, 1 Fluid Ounce - PACKAGING MAY VARY",1 Fl Oz (Pack of 1),4.6 out of 5 stars,"75,675",$13.00 ,"FREE delivery Fri, Nov 25 on $25 of items shipped by AmazonOr fastest delivery Sun, Nov 20|",B07C5SS6YD,https://m.media-amazon.com/images/I/61jy4NdM7RL._AC_UL320_.jpg
684,https://www.amazon.com/Mighty-Patch-Nose-Cosmetics-Dermatologist-Approved/dp/B09NNF2DXX/ref=sr_1_42?crid=3VUT8RYL0Q5DJ&keywords=blackhead+remover&qid=1668802731&sprefix=blackhead+remover%2Caps%2C86&sr=8-42,"Mighty Patch Nose from Hero Cosmetics - XL Hydrocolloid Patches for Nose Pores, Pimples, Zits and Oil - Dermatologist-Approved Overnight Pore Strips to Absorb Acne Nose Gunk (10 Count)",10 Count (Pack of 1),4.4 out of 5 stars,"7,371",$17.99 ,"FREE delivery Fri, Nov 25 on $25 of items shipped by AmazonOr fastest delivery Mon, Nov 21||Climate Pledge Friendly|Climate Pledge Friendly|Climate Pledge Friendly|<img alt="""" src=""https://m.media-amazon.com/images/I/216-OX9rBaL._SS200_.png"" height=""50px"" width=""50px""/>  Climate Pledge Friendly|<img alt="""" src=""https://m.media-amazon.com/images/I/216-OX9rBaL._SS200_.png"" height=""50px"" width=""50px""/>  Climate Pledge Friendly|<img alt="""" src=""https://m.media-amazon.com/images/I/51vC-CaTYRL._SS200_.png"" height=""50px"" width=""50px""/> Carbonfree Certified",B09NNF2DXX,https://m.media-amazon.com/images/I/41D0HB44y1L._AC_UL320_.jpg|https://m.media-amazon.com/images/I/216-OX9rBaL._SS200_.png||
685,https://www.amazon.com/York-Biology-Dead-Mask-Collagen/dp/B09NMMXR8X/ref=sr_1_43?crid=3VUT8RYL0Q5DJ&keywords=blackhead+remover&qid=1668802731&sprefix=blackhead+remover%2Caps%2C86&sr=8-43,"New York Biology Dead Sea Mud Mask for Face and Body with Stem Cell and Collagen - Spa Quality Pore Reducer for Acne, Blackheads and Oily Skin, Natural Skincare for Women, Men - Tightens Skin - 4 oz",4 Ounce (Pack of 1),4.5 out of 5 stars,"43,204",$29.95 ,"FREE delivery Fri, Nov 25 Or fastest delivery Sun, Nov 20|",B09NMMXR8X,https://m.media-amazon.com/images/I/61crSaTp7XL._AC_UL320_.jpg
686,https://www.amazon.com/Manyo-Factory-Pure-Cleansing-Oil/dp/B01N5K834V/ref=sr_1_44?crid=3VUT8RYL0Q5DJ&keywords=blackhead+remover&qid=1668802731&sprefix=blackhead+remover%2Caps%2C86&sr=8-44,"MANYO FACTORY Pure Cleansing Oil Korean Facial Cleanser, Blackhead Melting, Daily Makeup Removal with Argan Oil, for Women Korean Skin care 6.7 fl oz",6.7 Fl Oz (Pack of 1),4.6 out of 5 stars,"1,445",$29.00 ,"FREE delivery Fri, Nov 25 Or fastest delivery Sun, Nov 20|",B01N5K834V,https://m.media-amazon.com/images/I/51Yvl0ENP+L._AC_UL320_.jpg
687,https://www.amazon.com/Blackhead-Remover-Comedone-Extractor-Removal/dp/B087P7N5MY/ref=sr_1_45?crid=3VUT8RYL0Q5DJ&keywords=blackhead+remover&qid=1668802731&sprefix=blackhead+remover%2Caps%2C86&sr=8-45,"Blackhead Remover Pimple Comedone Extractor Tool Best Acne Removal Kit - Treatment for Blemish, Whitehead Popping, Zit Removing for Risk Free Nose Face Skin with Case (Rose, 4 Piece Set)",4 Piece Set,4.3 out of 5 stars,"1,800",$5.17 ,"FREE delivery Fri, Nov 25 on $25 of items shipped by AmazonOr fastest delivery Sun, Nov 20|",B087P7N5MY,https://m.media-amazon.com/images/I/71-zs79HRpL._AC_UL320_.jpg
688,https://www.amazon.com/Black-Mask-Sunatoria-Improved-Blackhead/dp/B07R16LBDL/ref=sr_1_46?crid=3VUT8RYL0Q5DJ&keywords=blackhead+remover&qid=1668802731&sprefix=blackhead+remover%2Caps%2C86&sr=8-46,Blackhead Remover Mask - Activated Charcoal Peel Off Mask - for All Skin Types - Deep Cleansing Mask by Sunatoria - Black Face Mask with Brush - Blackhead Removal - Black Head Black Mask,2.04 Fl Oz (Pack of 1),4.2 out of 5 stars,"7,177",$9.95 ,"FREE delivery Fri, Nov 25 on $25 of items shipped by AmazonOr fastest delivery Sun, Nov 20|",B07R16LBDL,https://m.media-amazon.com/images/I/717F+e0h3kL._AC_UL320_.jpg
689,https://www.amazon.com/Blackhead-Remover-Pore-Vacuum-Camera-Extractor-Adjustable-Rechargeable/dp/B0BKB512BT/ref=sr_1_47?crid=3VUT8RYL0Q5DJ&keywords=blackhead+remover&qid=1668802731&sprefix=blackhead+remover%2Caps%2C86&sr=8-47,Blackhead-Remover-Pore-Vacuum-with-Camera - Acne Extractor Pore Vacuum Hot Compress WiFi HD Camera with Facial Pore Extractor with 4 Probes and 3 Adjustable Suction USB Rechargeable for All Skin,1 Count (Pack of 1),4.7 out of 5 stars,243,$39.99 ,"FREE delivery Fri, Nov 25 Or fastest delivery Mon, Nov 21|",B0BKB512BT,https://m.media-amazon.com/images/I/61+7cJjrwOL._AC_UL320_.jpg
690,https://www.amazon.com/PAINISTIC-Green-Blackhead-Purifying-Moisturizing/dp/B09V154ZM2/ref=sr_1_48?crid=3VUT8RYL0Q5DJ&keywords=blackhead+remover&qid=1668802731&sprefix=blackhead+remover%2Caps%2C86&sr=8-48,PAINISTIC Green Tea Mask Stick Blackhead Remover Face Mask Clay Mask Purifying Oil Control Clean Solid Mask Moisturizing Acne Deep Pore Cleansing for All Skin Types of Men and Women,1 Count (Pack of 1),4.0 out of 5 stars,247,$14.98 ,"FREE delivery Fri, Nov 25 on $25 of items shipped by AmazonOr fastest delivery Sun, Nov 20|",B09V154ZM2,https://m.media-amazon.com/images/I/71TB4mQIcAL._AC_UL320_.jpg
691,https://www.amazon.com/Blackhead-Vacuum-Hotsch-Electric-Adjustable-Functional/dp/B08BRL8WGJ/ref=sr_1_49?crid=3VUT8RYL0Q5DJ&keywords=blackhead+remover&qid=1668802731&sprefix=blackhead+remover%2Caps%2C86&sr=8-49,"Blackhead Remover Pore Vacuum - Hotsch Blackhead Removal Tool, Pore Cleaner Electric Acne Extractor Kit, LED Display USB Rechargeable with Upgraded Blue Light 4 Replaceable Suction Probes",5 Piece Set,3.9 out of 5 stars,"3,206",$23.99 ,"FREE delivery Fri, Nov 25 on $25 of items shipped by AmazonOr fastest delivery Sun, Nov 20|",B08BRL8WGJ,https://m.media-amazon.com/images/I/61caYwyHrtL._AC_UL320_.jpg
692,https://www.amazon.com/VOYOR-Blackhead-Electric-Extractor-Extraction/dp/B076J7WSPP/ref=sr_1_50?crid=3VUT8RYL0Q5DJ&keywords=blackhead+remover&qid=1668802731&sprefix=blackhead+remover%2Caps%2C86&sr=8-50,VOYOR Blackhead Remover Pore Vacuum - Electric Face Vacuum Pore Cleaner Acne White Heads Removal with 6 Suction Head BR410,7 Piece Set,3.7 out of 5 stars,"27,194",$15.99 ,"FREE delivery Fri, Nov 25 on $25 of items shipped by AmazonOr fastest delivery Sun, Nov 20|",B076J7WSPP,https://m.media-amazon.com/images/I/71RVRUW-j8S._AC_UL320_.jpg
693,https://www.amazon.com/Blackhead-Nature-Nation-Extractors-Blackheads/dp/B08CBMX217/ref=sr_1_51?crid=3VUT8RYL0Q5DJ&keywords=blackhead+remover&qid=1668802731&sprefix=blackhead+remover%2Caps%2C86&sr=8-51,"Blackhead Remover Mask Valuable 3-in-1 Kit Purifying Peel Off Mask, With 5 Blackhead & Pimple Comedone Extractors and Silicone Brush, Deep Cleansing Blackheads Removal Mask Kit",7 Piece Set,4.2 out of 5 stars,"9,707",$12.74 ,"FREE delivery Fri, Nov 25 on $25 of items shipped by AmazonOr fastest delivery Sun, Nov 20|",B08CBMX217,https://m.media-amazon.com/images/I/71gCwsYG3VL._AC_UL320_.jpg
694,https://www.amazon.com/ZTRHYOO-Blackhead-Remover/dp/B082G6ZC4R/ref=sr_1_52?crid=3VUT8RYL0Q5DJ&keywords=blackhead+remover&qid=1668802731&sprefix=blackhead+remover%2Caps%2C86&sr=8-52,"Blackhead Remover Pimple Comedone Extractor Tool Best Acne Removal Kit - Treatment for Blemish, Whitehead Popping, Zit Removing for Risk Free Nose Face Skin with Case (Sliver, 4 Piece Set)",4 Piece Set,4.4 out of 5 stars,875,$3.79 ,"FREE delivery Fri, Nov 25 on $25 of items shipped by AmazonOr fastest delivery Sun, Nov 20|",B082G6ZC4R,https://m.media-amazon.com/images/I/71-Mqe-2JfL._AC_UL320_.jpg
695,https://www.amazon.com/Blackhead-Remover-Pore-Vacuum-Rechargeable/dp/B09W5VL4YK/ref=sr_1_53?crid=3VUT8RYL0Q5DJ&keywords=blackhead+remover&qid=1668802731&sprefix=blackhead+remover%2Caps%2C86&sr=8-53,"Blackhead Remover Pore Vacuum - LED Screen & USB Rechargeable Facial Pore Cleaner, Comedone Extractor Tool,Acne Extractor Tool with 3 Suction Power,4 Probes Black Head Extractions Tool for Women & Men",1 Count (Pack of 1),4.2 out of 5 stars,459,$21.99 ,"FREE delivery Fri, Nov 25 on $25 of items shipped by AmazonOr fastest delivery Sun, Nov 20|",B09W5VL4YK,https://m.media-amazon.com/images/I/61lx8zwzokL._AC_UL320_.jpg
696,https://www.amazon.com/Blackhead-Remover-Charcoal-Extractors-Cleansing/dp/B087WTRJ95/ref=sr_1_54?crid=3VUT8RYL0Q5DJ&keywords=blackhead+remover&qid=1668802731&sprefix=blackhead+remover%2Caps%2C86&sr=8-54,"Blackhead Remover Mask Kit, Charcoal Peel Off Facial Mask with Facial Mask Brush and Pimple Extractors, Deep Cleansing Facial Mask for Face Nose Blackhead Pores Acne, For All Skin Types (3.5 Fl.oz)",3.5 Fl Oz (Pack of 1),4.1 out of 5 stars,"2,144",$12.99 ,"FREE delivery Fri, Nov 25 on $25 of items shipped by AmazonOr fastest delivery Sun, Nov 20|",B087WTRJ95,https://m.media-amazon.com/images/I/716niqyZ7XL._AC_UL320_.jpg
697,https://www.amazon.com/Blackhead-Moisturizing-Moisturizer-Brightening-Blackheads/dp/B09RVDGQHS/ref=sr_1_55?crid=3VUT8RYL0Q5DJ&keywords=blackhead+remover&qid=1668802731&sprefix=blackhead+remover%2Caps%2C86&sr=8-55,"2 Pcs Green Tea Mask Stick for Face, Blackhead Remover with Green Tea Extract, Green Mask Stick for Face Moisturizing, Dry Skin Face Moisturizer, Deep Pore Cleansing, Skin Brightening, Moisturizing Face mask, Removes Blackheads for All Skin Types",2 Count (Pack of 1),3.9 out of 5 stars,"1,914",$16.95 ,"FREE delivery Fri, Nov 25 on $25 of items shipped by AmazonOr fastest delivery Sun, Nov 20|",B09RVDGQHS,https://m.media-amazon.com/images/I/71TibqFAnAL._AC_UL320_.jpg
698,https://www.amazon.com/Blackhead-Remover-LANBENA-Cleanser-Purifying/dp/B07WGVDD1Z/ref=sr_1_56?crid=3VUT8RYL0Q5DJ&keywords=blackhead+remover&qid=1668802731&sprefix=blackhead+remover%2Caps%2C86&sr=8-56,"Blackhead Remover, LANBENA Black Heads Remover from Face Black Head Remover Peel Off Face Mask Nose Strips for Blackheads(1.05 Ounce)",1.05 Ounce (Pack of 1),3.8 out of 5 stars,384,$14.99 ,"FREE delivery Fri, Nov 25 on $25 of items shipped by AmazonOr fastest delivery Sun, Nov 20|",B07WGVDD1Z,https://m.media-amazon.com/images/I/618IwtFfR9L._AC_UL320_.jpg
699,https://www.amazon.com/Hula-Home-Blackhead-Extractor-Whitehead/dp/B092MS8HHC/ref=sr_1_57?crid=3VUT8RYL0Q5DJ&keywords=blackhead+remover&qid=1668802731&sprefix=blackhead+remover%2Caps%2C86&sr=8-57,"Blackhead Remover Pimple Extractor Popper Tool Acne Comedone Blackhead , Blemish, Whitehead Popping, Zit Removing for Nose Face, 304 - Stainless Steel",1 Count (Pack of 1),4.3 out of 5 stars,698,$3.99 ,"FREE delivery Fri, Nov 25 on $25 of items shipped by AmazonOr fastest delivery Sun, Nov 20||Small Business|Small Business|Small Business|<img alt="""" src=""https://m.media-amazon.com/images/I/111mHoVK0kL._SS200_.png"" height=""50px"" width=""50px""/>  Small Business|<img alt="""" src=""https://m.media-amazon.com/images/I/111mHoVK0kL._SS200_.png"" height=""50px"" width=""50px""/>  Small Business",B092MS8HHC,https://m.media-amazon.com/images/I/51f8EiNqj8S._AC_UL320_.jpg|https://m.media-amazon.com/images/I/111mHoVK0kL._SS200_.png|
700,https://www.amazon.com/Blackhead-Remover-Purifying-Moisturizing-Cleanser/dp/B09P61TMYX/ref=sr_1_58?crid=3VUT8RYL0Q5DJ&keywords=blackhead+remover&qid=1668802731&sprefix=blackhead+remover%2Caps%2C86&sr=8-58,"Green Tea Mask Stick, Blackhead Remover Mask, Green Tea Purifying Clay Stick Mask, Moisturizing & Oil Control Facial Pore Cleanser for All Kind Skin Type Women Men",1 Count (Pack of 1),3.1 out of 5 stars,708,$9.99 ,"FREE delivery Fri, Nov 25 on $25 of items shipped by AmazonOr fastest delivery Sun, Nov 20|",B09P61TMYX,https://m.media-amazon.com/images/I/51ONH4aZPgL._AC_UL320_.jpg
701,https://www.amazon.com/Blackhead-Rechargeable-Waterproof-Exfoliating-Mint-Green/dp/B09J2HTVT5/ref=sr_1_59?crid=3VUT8RYL0Q5DJ&keywords=blackhead+remover&qid=1668802731&sprefix=blackhead+remover%2Caps%2C86&sr=8-59,"UMICKOO Blackhead Remover Vacuum,Rechargeable Facial Cleansing Brush with LCD Screen,IPX7 Waterproof 3 in 1 Facial Cleaner for Exfoliating, Massaging and Deep Pore Cleansing",1 Count (Pack of 1),4.3 out of 5 stars,"3,536",$35.99 ,"FREE delivery Fri, Nov 25 Or fastest delivery Sun, Nov 20|",B09J2HTVT5,https://m.media-amazon.com/images/I/81e9LCj8scL._AC_UL320_.jpg
702,https://www.amazon.com/SHILLS-Blackhead-Cleansing-Purifying-Charcoal/dp/B0793P98MW/ref=sr_1_60?crid=3VUT8RYL0Q5DJ&keywords=blackhead+remover&qid=1668802731&sprefix=blackhead+remover%2Caps%2C86&sr=8-60,"SHILLS Blackhead Remover, Pore Control, Skin Cleansing, Purifying Bamboo Charcoal, Peel Off Black Mask,1 Bottle(1.69 fl. oz)",1.69 Fl Oz (Pack of 1),4.0 out of 5 stars,"6,129",$14.39 ,"FREE delivery Fri, Nov 25 on $25 of items shipped by AmazonOr fastest delivery Sun, Nov 20|",B0793P98MW,https://m.media-amazon.com/images/I/610GCE0xaLL._AC_UL320_.jpg
703,https://www.amazon.com/sspa/click?ie=UTF8&spc=MTo3NDcxMDEyOTQ2MTgxNTA3OjE2Njg4MDI3MzE6c3Bfc2VhcmNoX3RoZW1hdGljX2J0ZjoyMDAxMDE0Nzk3NTMzOTg6OjA6Og&url=%2FBlackhead-Comedone-Whitehead-Extractor-Rechargeable%2Fdp%2FB0BK8P7J77%2Fref%3Dsxbs_pa_sp_search_thematic_btf_sspa%3Fcontent-id%3Damzn1.sym.58cc9a81-ce69-447f-ae9a-f946e256a203%253Aamzn1.sym.58cc9a81-ce69-447f-ae9a-f946e256a203%26crid%3D3VUT8RYL0Q5DJ%26cv_ct_cx%3Dblackhead%2Bremover%26keywords%3Dblackhead%2Bremover%26pd_rd_i%3DB0BK8P7J77%26pd_rd_r%3D5500d330-8071-4101-8285-c5f8df2fd185%26pd_rd_w%3DHEAsU%26pd_rd_wg%3DJm9Wn%26pf_rd_p%3D58cc9a81-ce69-447f-ae9a-f946e256a203%26pf_rd_r%3D3NT4A63NB22FTW0SAS03%26qid%3D1668802731%26sprefix%3Dblackhead%2Bremover%252Caps%252C86%26sr%3D1-1-5434e42d-8be2-4d7d-bf67-67dd4fa72054-spons%26sp_csd%3Dd2lkZ2V0TmFtZT1zcF9zZWFyY2hfdGhlbWF0aWNfYnRm%26psc%3D1,"Blackhead Remover Pore Vacuum,Acne Remover,Comedone Whitehead Extractor Tool-3 Suction Power,4Probes,USB Rechargeable Blackhead Vacuum Kit for Women & Men",Sponsored,4.7 out of 5 stars|4.8 out of 5 stars|4.5 out of 5 stars|4.6 out of 5 stars|4.6 out of 5 stars,"107|132|48,570|3,808|2,431",$22.99 ,,,https://m.media-amazon.com/images/I/61tFAaQiqBL._AC_UL320_.jpg|https://m.media-amazon.com/images/I/717X6P6wmBL._AC_UL320_.jpg|https://m.media-amazon.com/images/I/71+U2ItVPJL._AC_UL320_.jpg|https://m.media-amazon.com/images/I/71Vzpb328vL._AC_UL320_.jpg|https://m.media-amazon.com/images/I/61GWleOnnAL._AC_UL320_.jpg
704,https://www.amazon.com/sspa/click?ie=UTF8&spc=MTo3NDcxMDEyOTQ2MTgxNTA3OjE2Njg4MDI3MzE6c3Bfc2VhcmNoX3RoZW1hdGljX2J0ZjoyMDAxMDE0Nzk3NTMzOTg6OjA6Og&url=%2FBlackhead-Comedone-Whitehead-Extractor-Rechargeable%2Fdp%2FB0BK8P7J77%2Fref%3Dsxbs_pa_sp_search_thematic_btf_sspa%3Fcontent-id%3Damzn1.sym.58cc9a81-ce69-447f-ae9a-f946e256a203%253Aamzn1.sym.58cc9a81-ce69-447f-ae9a-f946e256a203%26crid%3D3VUT8RYL0Q5DJ%26cv_ct_cx%3Dblackhead%2Bremover%26keywords%3Dblackhead%2Bremover%26pd_rd_i%3DB0BK8P7J77%26pd_rd_r%3D5500d330-8071-4101-8285-c5f8df2fd185%26pd_rd_w%3DHEAsU%26pd_rd_wg%3DJm9Wn%26pf_rd_p%3D58cc9a81-ce69-447f-ae9a-f946e256a203%26pf_rd_r%3D3NT4A63NB22FTW0SAS03%26qid%3D1668802731%26sprefix%3Dblackhead%2Bremover%252Caps%252C86%26sr%3D1-1-5434e42d-8be2-4d7d-bf67-67dd4fa72054-spons%26sp_csd%3Dd2lkZ2V0TmFtZT1zcF9zZWFyY2hfdGhlbWF0aWNfYnRm%26psc%3D1,"Blackhead Remover Pore Vacuum,Acne Remover,Comedone Whitehead Extractor Tool-3 Suction Power,4Probes,USB Rechargeable Blackhead Vacuum Kit for Women & Men",Sponsored,4.7 out of 5 stars,107,$22.99 ,,B0BK8P7J77,https://m.media-amazon.com/images/I/61tFAaQiqBL._AC_UL320_.jpg
705,https://www.amazon.com/sspa/click?ie=UTF8&spc=MTo3NDcxMDEyOTQ2MTgxNTA3OjE2Njg4MDI3MzE6c3Bfc2VhcmNoX3RoZW1hdGljX2J0Zjo6OjE6QjBCN0o1MkoxNzpzZWFyY2g&url=%2FBlackhead-SIBOST-Waterproof-Android-20X-Zoom%25EF%25BC%2588Black%25EF%25BC%2589%2Fdp%2FB0B7J52J17%2Fref%3Dsxbs_pa_sp_search_thematic_btf_sspa%3Fcontent-id%3Damzn1.sym.58cc9a81-ce69-447f-ae9a-f946e256a203%253Aamzn1.sym.58cc9a81-ce69-447f-ae9a-f946e256a203%26crid%3D3VUT8RYL0Q5DJ%26cv_ct_cx%3Dblackhead%2Bremover%26keywords%3Dblackhead%2Bremover%26pd_rd_i%3DB0B7J52J17%26pd_rd_r%3D5500d330-8071-4101-8285-c5f8df2fd185%26pd_rd_w%3DHEAsU%26pd_rd_wg%3DJm9Wn%26pf_rd_p%3D58cc9a81-ce69-447f-ae9a-f946e256a203%26pf_rd_r%3D3NT4A63NB22FTW0SAS03%26qid%3D1668802731%26sprefix%3Dblackhead%2Bremover%252Caps%252C86%26sr%3D1-2-5434e42d-8be2-4d7d-bf67-67dd4fa72054-spons%26sp_csd%3Dd2lkZ2V0TmFtZT1zcF9zZWFyY2hfdGhlbWF0aWNfYnRm%26psc%3D1,"Blackhead Remover Tools SIBOST Pimple Popper with Camera Visible Pore Cleaner Waterproof Acne Comedone Whitehead Extractor Kit for iPhone,iPad & Android-20X Zoom（Black）",1 Count (Pack of 1),4.8 out of 5 stars,132,$17.99 ,,B0B7J52J17,https://m.media-amazon.com/images/I/717X6P6wmBL._AC_UL320_.jpg
706,https://www.amazon.com/sspa/click?ie=UTF8&spc=MTo3NDcxMDEyOTQ2MTgxNTA3OjE2Njg4MDI3MzE6c3Bfc2VhcmNoX3RoZW1hdGljX2J0Zjo6OjI6QjAxQ05NQVNGWTpzZWFyY2g&url=%2FJPNK-Blackhead-Remover-Tools-Leather%2Fdp%2FB01CNMASFY%2Fref%3Dsxbs_pa_sp_search_thematic_btf_sspa%3Fcontent-id%3Damzn1.sym.58cc9a81-ce69-447f-ae9a-f946e256a203%253Aamzn1.sym.58cc9a81-ce69-447f-ae9a-f946e256a203%26crid%3D3VUT8RYL0Q5DJ%26cv_ct_cx%3Dblackhead%2Bremover%26keywords%3Dblackhead%2Bremover%26pd_rd_i%3DB01CNMASFY%26pd_rd_r%3D5500d330-8071-4101-8285-c5f8df2fd185%26pd_rd_w%3DHEAsU%26pd_rd_wg%3DJm9Wn%26pf_rd_p%3D58cc9a81-ce69-447f-ae9a-f946e256a203%26pf_rd_r%3D3NT4A63NB22FTW0SAS03%26qid%3D1668802731%26sprefix%3Dblackhead%2Bremover%252Caps%252C86%26sr%3D1-3-5434e42d-8be2-4d7d-bf67-67dd4fa72054-spons%26sp_csd%3Dd2lkZ2V0TmFtZT1zcF9zZWFyY2hfdGhlbWF0aWNfYnRm%26psc%3D1,"JPNK Blackhead Remover Tool Comedones Extractor Acne Removal Kit for Blemish, Whitehead Popping, 6 Pcs Zit Removing for Nose Face Tools with a Leather Bag",7 Piece Set,4.5 out of 5 stars,"48,570",$6.79 ,,B01CNMASFY,https://m.media-amazon.com/images/I/71+U2ItVPJL._AC_UL320_.jpg
707,https://www.amazon.com/sspa/click?ie=UTF8&spc=MTo3NDcxMDEyOTQ2MTgxNTA3OjE2Njg4MDI3MzE6c3Bfc2VhcmNoX3RoZW1hdGljX2J0Zjo6OjM6QjA5M0RNVzVHUzpzZWFyY2g&url=%2FBlackhead-Remover-Extractor-Professional-Stainless%2Fdp%2FB093DMW5GS%2Fref%3Dsxbs_pa_sp_search_thematic_btf_sspa%3Fcontent-id%3Damzn1.sym.58cc9a81-ce69-447f-ae9a-f946e256a203%253Aamzn1.sym.58cc9a81-ce69-447f-ae9a-f946e256a203%26crid%3D3VUT8RYL0Q5DJ%26cv_ct_cx%3Dblackhead%2Bremover%26keywords%3Dblackhead%2Bremover%26pd_rd_i%3DB093DMW5GS%26pd_rd_r%3D5500d330-8071-4101-8285-c5f8df2fd185%26pd_rd_w%3DHEAsU%26pd_rd_wg%3DJm9Wn%26pf_rd_p%3D58cc9a81-ce69-447f-ae9a-f946e256a203%26pf_rd_r%3D3NT4A63NB22FTW0SAS03%26qid%3D1668802731%26sprefix%3Dblackhead%2Bremover%252Caps%252C86%26sr%3D1-4-5434e42d-8be2-4d7d-bf67-67dd4fa72054-spons%26sp_csd%3Dd2lkZ2V0TmFtZT1zcF9zZWFyY2hfdGhlbWF0aWNfYnRm%26psc%3D1,"2022 Latest 15 PCS Blackhead Remover Tools, Pimple Popper Tool Kit, Acne Extractor Tool, Professional Stainless Pimple Acne Blemish Removal Tools Set with Metal Case",($12.79/Count),4.6 out of 5 stars,"3,808",$12.79 ,,B093DMW5GS,https://m.media-amazon.com/images/I/71Vzpb328vL._AC_UL320_.jpg
708,https://www.amazon.com/sspa/click?ie=UTF8&spc=MTo3NDcxMDEyOTQ2MTgxNTA3OjE2Njg4MDI3MzE6c3Bfc2VhcmNoX3RoZW1hdGljX2J0Zjo6OjQ6QjA2WTVaQ1dDODpzZWFyY2g&url=%2FAooeou-Stainless-Blackhead-Treatment-Whitehead%2Fdp%2FB06Y5ZCWC8%2Fref%3Dsxbs_pa_sp_search_thematic_btf_sspa%3Fcontent-id%3Damzn1.sym.58cc9a81-ce69-447f-ae9a-f946e256a203%253Aamzn1.sym.58cc9a81-ce69-447f-ae9a-f946e256a203%26crid%3D3VUT8RYL0Q5DJ%26cv_ct_cx%3Dblackhead%2Bremover%26keywords%3Dblackhead%2Bremover%26pd_rd_i%3DB06Y5ZCWC8%26pd_rd_r%3D5500d330-8071-4101-8285-c5f8df2fd185%26pd_rd_w%3DHEAsU%26pd_rd_wg%3DJm9Wn%26pf_rd_p%3D58cc9a81-ce69-447f-ae9a-f946e256a203%26pf_rd_r%3D3NT4A63NB22FTW0SAS03%26qid%3D1668802731%26sprefix%3Dblackhead%2Bremover%252Caps%252C86%26sr%3D1-5-5434e42d-8be2-4d7d-bf67-67dd4fa72054-spons%26sp_csd%3Dd2lkZ2V0TmFtZT1zcF9zZWFyY2hfdGhlbWF0aWNfYnRm%26psc%3D1,"Blackhead Remover Tool, Aooeou Professional Pimple Popper Tool Kit - Treatment for Blemish, Whitehead Popping, Zit Removing for Risk Free Nose Face, Anti-Slip Coating Handle (b-Silver)",10 Piece Set,4.6 out of 5 stars,"2,431",$8.49 ,,B06Y5ZCWC8,https://m.media-amazon.com/images/I/61GWleOnnAL._AC_UL320_.jpg
716,https://www.amazon.com/sspa/click?ie=UTF8&spc=MTo0NjY3MDkwNTc4NzQ2NjA3OjE2Njg4MDI3NzI6c3BfYXRmOjIwMDA0NTk3NDUwMTM5ODo6MDo6&url=%2FCheirosa-Hair-Body-Fragrance-Mist%2Fdp%2FB08K3QF1YN%2Fref%3Dsr_1_1_sspa%3Fcrid%3D1KZWC3SJKICKZ%26keywords%3Dbody%2Bmist%26qid%3D1668802772%26sprefix%3Dbody%2Bmist%252Caps%252C80%26sr%3D8-1-spons%26sp_csd%3Dd2lkZ2V0TmFtZT1zcF9hdGY%26psc%3D1,SOL DE JANEIRO Body Fragrance Mist,Sponsored,4.6 out of 5 stars,"22,018",$20.00 ,"FREE delivery Fri, Nov 25 on $25 of items shipped by AmazonOr fastest delivery Tue, Nov 22||Small Business|Small Business|Small Business|<img alt="""" src=""https://m.media-amazon.com/images/I/111mHoVK0kL._SS200_.png"" height=""50px"" width=""50px""/>  Small Business|<img alt="""" src=""https://m.media-amazon.com/images/I/111mHoVK0kL._SS200_.png"" height=""50px"" width=""50px""/>  Small Business",B08K3QF1YN,https://m.media-amazon.com/images/I/71qVreCviXL._AC_UL320_.jpg|https://m.media-amazon.com/images/I/111mHoVK0kL._SS200_.png|
717,https://www.amazon.com/sspa/click?ie=UTF8&spc=MTo0NjY3MDkwNTc4NzQ2NjA3OjE2Njg4MDI3NzI6c3BfYXRmOjIwMDA1NDgzODY2NDY5ODo6MDo6&url=%2FVictorias-Secret-Pink-Dreamy-Scented%2Fdp%2FB08GC28N8Z%2Fref%3Dsr_1_2_sspa%3Fcrid%3D1KZWC3SJKICKZ%26keywords%3Dbody%2Bmist%26qid%3D1668802772%26sprefix%3Dbody%2Bmist%252Caps%252C80%26sr%3D8-2-spons%26sp_csd%3Dd2lkZ2V0TmFtZT1zcF9hdGY%26psc%3D1%26smid%3DA2HECHJK1OLBGZ,Victoria's Secret Pink Soft and Dreamy Body Mist,Sponsored,4.6 out of 5 stars,"3,293",$13.99 ,"FREE delivery Fri, Nov 25 on $25 of items shipped by AmazonOr fastest delivery Tue, Nov 22|",B08GC28N8Z,https://m.media-amazon.com/images/I/61rAYc1odnL._AC_UL320_.jpg
718,https://www.amazon.com/sspa/click?ie=UTF8&spc=MTo0NjY3MDkwNTc4NzQ2NjA3OjE2Njg4MDI3NzI6c3BfYXRmOjIwMDA1NDgzODY2Njc5ODo6MDo6&url=%2FVICTORIAS-Victorias-Secret-MIDNIGHT-FRAGANCE%2Fdp%2FB092J1MMPM%2Fref%3Dsr_1_3_sspa%3Fcrid%3D1KZWC3SJKICKZ%26keywords%3Dbody%2Bmist%26qid%3D1668802772%26sprefix%3Dbody%2Bmist%252Caps%252C80%26sr%3D8-3-spons%26sp_csd%3Dd2lkZ2V0TmFtZT1zcF9hdGY%26psc%3D1%26smid%3DA2HECHJK1OLBGZ,Victoria's Secret Midnight Bloom 8.4oz Mist,Sponsored,4.6 out of 5 stars,"23,786",$14.77 ,"FREE delivery Fri, Nov 25 on $25 of items shipped by Amazon|",B092J1MMPM,https://m.media-amazon.com/images/I/41pvso5YgbL._AC_UL320_.jpg
719,https://www.amazon.com/sspa/click?ie=UTF8&spc=MTo0NjY3MDkwNTc4NzQ2NjA3OjE2Njg4MDI3NzI6c3BfYXRmOjIwMDA3MjIwMTQ1ODQ5ODo6MDo6&url=%2FVictorias-Secret-Bare-8-4oz-Body%2Fdp%2FB0B3Y7S9Z6%2Fref%3Dsr_1_4_sspa%3Fcrid%3D1KZWC3SJKICKZ%26keywords%3Dbody%2Bmist%26qid%3D1668802772%26sprefix%3Dbody%2Bmist%252Caps%252C80%26sr%3D8-4-spons%26sp_csd%3Dd2lkZ2V0TmFtZT1zcF9hdGY%26psc%3D1%26smid%3DA2HECHJK1OLBGZ,Victoria's Secret Bare 8.4oz Body Mist,Sponsored,4.6 out of 5 stars,"6,877",$25.00 ,"FREE delivery Fri, Nov 25 Or fastest delivery Tue, Nov 22|",B0B3Y7S9Z6,https://m.media-amazon.com/images/I/5157WLbcgZL._AC_UL320_.jpg
720,https://www.amazon.com/Sol-Janeiro-Brazilian-Crush-Fragrance/dp/B09W18N3GT/ref=sr_1_5?crid=1KZWC3SJKICKZ&keywords=body+mist&qid=1668802772&sprefix=body+mist%2Caps%2C80&sr=8-5,Sol de Janeiro - Brazilian Crush Fragrance Body Mist 90 ml,3.04 Fl Oz (Pack of 1),4.9 out of 5 stars,42,$20.00 ,"FREE delivery Fri, Nov 25 on $25 of items shipped by Amazon||Small Business|Small Business|Small Business|<img alt="""" src=""https://m.media-amazon.com/images/I/111mHoVK0kL._SS200_.png"" height=""50px"" width=""50px""/>  Small Business|<img alt="""" src=""https://m.media-amazon.com/images/I/111mHoVK0kL._SS200_.png"" height=""50px"" width=""50px""/>  Small Business",B09W18N3GT,https://m.media-amazon.com/images/I/31rvP1cDZyL._AC_UL320_.jpg|https://m.media-amazon.com/images/I/111mHoVK0kL._SS200_.png|
721,https://www.amazon.com/Sol-Janeiro-Crush-Fragrance-240ml/dp/B06XDHGGZR/ref=sr_1_6?crid=1KZWC3SJKICKZ&keywords=body+mist&qid=1668802772&sprefix=body+mist%2Caps%2C80&sr=8-6,SOL DE JANEIRO Body Fragrance Mist,($35.00/Count),4.6 out of 5 stars,"22,018",$35.00 ,"FREE delivery|Small Business|Small Business|Small Business|<img alt="""" src=""https://m.media-amazon.com/images/I/111mHoVK0kL._SS200_.png"" height=""50px"" width=""50px""/>  Small Business|<img alt="""" src=""https://m.media-amazon.com/images/I/111mHoVK0kL._SS200_.png"" height=""50px"" width=""50px""/>  Small Business",B06XDHGGZR,https://m.media-amazon.com/images/I/618Cihx6SiL._AC_UL320_.jpg|https://m.media-amazon.com/images/I/111mHoVK0kL._SS200_.png|
722,https://www.amazon.com/Vera-Wang-Embrace-Spray-Blossom/dp/B06XQXG52M/ref=sr_1_7?crid=1KZWC3SJKICKZ&keywords=body+mist&qid=1668802772&sprefix=body+mist%2Caps%2C80&sr=8-7,"Vera Wang Embrace Body Mist Spray for Women, Green Tea & Pear Blossom, 8 Fl Oz",8 Fl Oz (Pack of 1),4.3 out of 5 stars,"16,251",$6.64 ,"FREE delivery Fri, Nov 25 on $25 of items shipped by AmazonOr fastest delivery Tue, Nov 22|",B06XQXG52M,https://m.media-amazon.com/images/I/31jRq0IxonL._AC_UL320_.jpg
723,https://www.amazon.com/sspa/click?ie=UTF8&spc=MToyOTgyMzE5MTgxNzIyNjU6MTY2ODgwMjc3MjpzcF9zZWFyY2hfdGhlbWF0aWM6MjAwMDU0ODM4NjY1Mzk4OjowOjo&url=%2FVictorias-Secret-Pink-Fresh-Clean%2Fdp%2FB09V1STT5J%2Fref%3Dsxin_16_pa_sp_search_thematic_sspa%3Fcontent-id%3Damzn1.sym.4e7a2229-074e-44de-95c4-9fd858f46295%253Aamzn1.sym.4e7a2229-074e-44de-95c4-9fd858f46295%26crid%3D1KZWC3SJKICKZ%26cv_ct_cx%3Dbody%2Bmist%26keywords%3Dbody%2Bmist%26pd_rd_i%3DB09V1STT5J%26pd_rd_r%3D8d64a0b4-aafa-4628-ad27-8d19eacd4107%26pd_rd_w%3DEC236%26pd_rd_wg%3DKoB2b%26pf_rd_p%3D4e7a2229-074e-44de-95c4-9fd858f46295%26pf_rd_r%3DNHVG2D3KHPP9S8H9K4YW%26qid%3D1668802772%26sprefix%3Dbody%2Bmist%252Caps%252C80%26sr%3D1-1-a73d1c8c-2fd2-4f19-aa41-2df022bcb241-spons%26sp_csd%3Dd2lkZ2V0TmFtZT1zcF9zZWFyY2hfdGhlbWF0aWM%26psc%3D1%26smid%3DA2HECHJK1OLBGZ,Victoria's Secret Pink Fresh and Clean Body Mist,Sponsored | Based on star rating and number of customer ratings,4.6 out of 5 stars|4.6 out of 5 stars|4.6 out of 5 stars|4.5 out of 5 stars|4.6 out of 5 stars,"3,293|23,786|22,018|355|199",$12.00 ,"Small Business|Small Business|Small Business|<img alt="""" src=""https://m.media-amazon.com/images/I/111mHoVK0kL._SS200_.png"" height=""50px"" width=""50px""/>  Small Business|<img alt="""" src=""https://m.media-amazon.com/images/I/111mHoVK0kL._SS200_.png"" height=""50px"" width=""50px""/>  Small Business",,https://m.media-amazon.com/images/I/617Q7BJaYoL._AC_UL320_.jpg|https://m.media-amazon.com/images/I/41Za43Cwz2L._AC_UL320_.jpg|https://m.media-amazon.com/images/I/71fNezVJzdS._AC_UL320_.jpg|https://m.media-amazon.com/images/I/111mHoVK0kL._SS200_.png||https://m.media-amazon.com/images/I/61lerf+g4QL._AC_UL320_.jpg|https://m.media-amazon.com/images/I/811oZj6chBL._AC_UL320_.jpg
724,https://www.amazon.com/sspa/click?ie=UTF8&spc=MToyOTgyMzE5MTgxNzIyNjU6MTY2ODgwMjc3MjpzcF9zZWFyY2hfdGhlbWF0aWM6MjAwMDU0ODM4NjY1Mzk4OjowOjo&url=%2FVictorias-Secret-Pink-Fresh-Clean%2Fdp%2FB09V1STT5J%2Fref%3Dsxin_16_pa_sp_search_thematic_sspa%3Fcontent-id%3Damzn1.sym.4e7a2229-074e-44de-95c4-9fd858f46295%253Aamzn1.sym.4e7a2229-074e-44de-95c4-9fd858f46295%26crid%3D1KZWC3SJKICKZ%26cv_ct_cx%3Dbody%2Bmist%26keywords%3Dbody%2Bmist%26pd_rd_i%3DB09V1STT5J%26pd_rd_r%3D8d64a0b4-aafa-4628-ad27-8d19eacd4107%26pd_rd_w%3DEC236%26pd_rd_wg%3DKoB2b%26pf_rd_p%3D4e7a2229-074e-44de-95c4-9fd858f46295%26pf_rd_r%3DNHVG2D3KHPP9S8H9K4YW%26qid%3D1668802772%26sprefix%3Dbody%2Bmist%252Caps%252C80%26sr%3D1-1-a73d1c8c-2fd2-4f19-aa41-2df022bcb241-spons%26sp_csd%3Dd2lkZ2V0TmFtZT1zcF9zZWFyY2hfdGhlbWF0aWM%26psc%3D1%26smid%3DA2HECHJK1OLBGZ,Victoria's Secret Pink Fresh and Clean Body Mist,8.4 Fl Oz (Pack of 1),4.6 out of 5 stars,"3,293",$12.00 ,,B09V1STT5J,https://m.media-amazon.com/images/I/617Q7BJaYoL._AC_UL320_.jpg
725,https://www.amazon.com/sspa/click?ie=UTF8&spc=MToyOTgyMzE5MTgxNzIyNjU6MTY2ODgwMjc3MjpzcF9zZWFyY2hfdGhlbWF0aWM6MjAwMDU0ODM4NjcxODk4OjoxOjo&url=%2FVictorias-Secret-Fantasies-Fragrance-Spell%2Fdp%2FB01687MKEM%2Fref%3Dsxin_16_pa_sp_search_thematic_sspa%3Fcontent-id%3Damzn1.sym.4e7a2229-074e-44de-95c4-9fd858f46295%253Aamzn1.sym.4e7a2229-074e-44de-95c4-9fd858f46295%26crid%3D1KZWC3SJKICKZ%26cv_ct_cx%3Dbody%2Bmist%26keywords%3Dbody%2Bmist%26pd_rd_i%3DB01687MKEM%26pd_rd_r%3D8d64a0b4-aafa-4628-ad27-8d19eacd4107%26pd_rd_w%3DEC236%26pd_rd_wg%3DKoB2b%26pf_rd_p%3D4e7a2229-074e-44de-95c4-9fd858f46295%26pf_rd_r%3DNHVG2D3KHPP9S8H9K4YW%26qid%3D1668802772%26sprefix%3Dbody%2Bmist%252Caps%252C80%26sr%3D1-2-a73d1c8c-2fd2-4f19-aa41-2df022bcb241-spons%26sp_csd%3Dd2lkZ2V0TmFtZT1zcF9zZWFyY2hfdGhlbWF0aWM%26psc%3D1%26smid%3DA2HECHJK1OLBGZ,Victoria's Secret Love Spell 8.4oz Mist,8.4 Fl Oz (Pack of 1),4.6 out of 5 stars,"23,786",$18.06 ,,B01687MKEM,https://m.media-amazon.com/images/I/41Za43Cwz2L._AC_UL320_.jpg
726,https://www.amazon.com/sspa/click?ie=UTF8&spc=MToyOTgyMzE5MTgxNzIyNjU6MTY2ODgwMjc3MjpzcF9zZWFyY2hfdGhlbWF0aWM6MjAwMDQ1OTc0NTAxNDk4OjoyOjo&url=%2FSOL-JANEIRO-Cheirosa-Fragrance-240ml%2Fdp%2FB099T9WLZX%2Fref%3Dsxin_16_pa_sp_search_thematic_sspa%3Fcontent-id%3Damzn1.sym.4e7a2229-074e-44de-95c4-9fd858f46295%253Aamzn1.sym.4e7a2229-074e-44de-95c4-9fd858f46295%26crid%3D1KZWC3SJKICKZ%26cv_ct_cx%3Dbody%2Bmist%26keywords%3Dbody%2Bmist%26pd_rd_i%3DB099T9WLZX%26pd_rd_r%3D8d64a0b4-aafa-4628-ad27-8d19eacd4107%26pd_rd_w%3DEC236%26pd_rd_wg%3DKoB2b%26pf_rd_p%3D4e7a2229-074e-44de-95c4-9fd858f46295%26pf_rd_r%3DNHVG2D3KHPP9S8H9K4YW%26qid%3D1668802772%26sprefix%3Dbody%2Bmist%252Caps%252C80%26sr%3D1-3-a73d1c8c-2fd2-4f19-aa41-2df022bcb241-spons%26sp_csd%3Dd2lkZ2V0TmFtZT1zcF9zZWFyY2hfdGhlbWF0aWM%26psc%3D1,SOL DE JANEIRO Body Fragrance Mist,($4.38/Fl Oz),4.6 out of 5 stars,"22,018",$35.00 ,"Small Business|Small Business|Small Business|<img alt="""" src=""https://m.media-amazon.com/images/I/111mHoVK0kL._SS200_.png"" height=""50px"" width=""50px""/>  Small Business|<img alt="""" src=""https://m.media-amazon.com/images/I/111mHoVK0kL._SS200_.png"" height=""50px"" width=""50px""/>  Small Business",B099T9WLZX,https://m.media-amazon.com/images/I/71fNezVJzdS._AC_UL320_.jpg|https://m.media-amazon.com/images/I/111mHoVK0kL._SS200_.png|
727,https://www.amazon.com/Heaven-Gap-Womens-Body-Design/dp/B08JZG8LBB/ref=sxin_16_pa_sp_search_thematic_mod_primary_new?content-id=amzn1.sym.4e7a2229-074e-44de-95c4-9fd858f46295%3Aamzn1.sym.4e7a2229-074e-44de-95c4-9fd858f46295&crid=1KZWC3SJKICKZ&cv_ct_cx=body+mist&keywords=body+mist&pd_rd_i=B08JZG8LBB&pd_rd_r=8d64a0b4-aafa-4628-ad27-8d19eacd4107&pd_rd_w=EC236&pd_rd_wg=KoB2b&pf_rd_p=4e7a2229-074e-44de-95c4-9fd858f46295&pf_rd_r=NHVG2D3KHPP9S8H9K4YW&qid=1668802772&sbo=RZvfv%2F%2FHxDF%2BO5021pAnSA%3D%3D&sprefix=body+mist%2Caps%2C80&sr=1-4-a73d1c8c-2fd2-4f19-aa41-2df022bcb241,"Heaven by Gap, Women's Body Mist 2020 Design - 8 oz 236 ml",8 Fl Oz (Pack of 1),4.5 out of 5 stars,355,$29.99 ,,B08JZG8LBB,https://m.media-amazon.com/images/I/61lerf+g4QL._AC_UL320_.jpg
728,https://www.amazon.com/sspa/click?ie=UTF8&spc=MToyOTgyMzE5MTgxNzIyNjU6MTY2ODgwMjc3MjpzcF9zZWFyY2hfdGhlbWF0aWM6MjAwMTAxMjA4ODA0MDk4Ojo0Ojo&url=%2FTommy-Bahama-Maritime-Body-Spray%2Fdp%2FB08BJJYL6Y%2Fref%3Dsxin_16_pa_sp_search_thematic_sspa%3Fcontent-id%3Damzn1.sym.4e7a2229-074e-44de-95c4-9fd858f46295%253Aamzn1.sym.4e7a2229-074e-44de-95c4-9fd858f46295%26crid%3D1KZWC3SJKICKZ%26cv_ct_cx%3Dbody%2Bmist%26keywords%3Dbody%2Bmist%26pd_rd_i%3DB08BJJYL6Y%26pd_rd_r%3D8d64a0b4-aafa-4628-ad27-8d19eacd4107%26pd_rd_w%3DEC236%26pd_rd_wg%3DKoB2b%26pf_rd_p%3D4e7a2229-074e-44de-95c4-9fd858f46295%26pf_rd_r%3DNHVG2D3KHPP9S8H9K4YW%26qid%3D1668802772%26sprefix%3Dbody%2Bmist%252Caps%252C80%26sr%3D1-5-a73d1c8c-2fd2-4f19-aa41-2df022bcb241-spons%26sp_csd%3Dd2lkZ2V0TmFtZT1zcF9zZWFyY2hfdGhlbWF0aWM%26psc%3D1,"Tommy Bahama Maritime Body Spray, 6 fl. oz.",6 Fl Oz (Pack of 1),4.6 out of 5 stars,199,$15.00 ,,B08BJJYL6Y,https://m.media-amazon.com/images/I/811oZj6chBL._AC_UL320_.jpg
730,https://www.amazon.com/Victorias-Secret-Pink-Body-FLVIC628/dp/B07NTHV88X/ref=sr_1_8?crid=1KZWC3SJKICKZ&keywords=body+mist&qid=1668802772&sprefix=body+mist%2Caps%2C80&sr=8-8,"Victoria's Secret Pink Body Mist Warm and Cozy, 250 ml, FLVIC628",8.4 Fl Oz (Pack of 1),4.6 out of 5 stars,"3,293",$13.98 ,"FREE delivery Thu, Dec 1 on $25 of items shipped by Amazon|",B07NTHV88X,https://m.media-amazon.com/images/I/612UDhkctXL._AC_UL320_.jpg
731,https://www.amazon.com/Victorias-Secret-Natural-Beauty-Coconut/dp/B09V1SDGTS/ref=sr_1_9?crid=1KZWC3SJKICKZ&keywords=body+mist&qid=1668802772&sprefix=body+mist%2Caps%2C80&sr=8-9,Victoria's Secret Natural Beauty Coconut Milk & Rose 8.4oz Mist,8.4 Fl Oz (Pack of 1),4.6 out of 5 stars,"23,786",$14.00 ,"FREE delivery Fri, Nov 25 on $25 of items shipped by AmazonOr fastest delivery Tue, Nov 22|",B09V1SDGTS,https://m.media-amazon.com/images/I/51qUVj+UyjL._AC_UL320_.jpg
732,https://www.amazon.com/Spray-Women-Fragrance-Womens-Perfume/dp/B0932QHJ4H/ref=sr_1_10?crid=1KZWC3SJKICKZ&keywords=body+mist&qid=1668802772&sprefix=body+mist%2Caps%2C80&sr=8-10,"Body Spray, Body Mist for Women, Fragrance Mist Sets, Pack of 3, Each 3.4 Fl Oz, Total 10.2 Fl Oz, Womens Perfume",3.4 Fl Oz (Pack of 3),3.9 out of 5 stars,439,$18.99 ,"FREE delivery Fri, Nov 25 on $25 of items shipped by AmazonOr fastest delivery Sun, Nov 20|",B0932QHJ4H,https://m.media-amazon.com/images/I/71d8a0YU8DS._AC_UL320_.jpg
733,https://www.amazon.com/Bath-Body-Works-Signature-Collection/dp/B00OM1LRQY/ref=sr_1_11?crid=1KZWC3SJKICKZ&keywords=body+mist&qid=1668802772&sprefix=body+mist%2Caps%2C80&sr=8-11,Bath & Body Works Signature Collection Fragrance Mist 8 Fl Oz (Japanese Cherry Blossom),8 Fl Oz (Pack of 1),4.7 out of 5 stars,"3,938",$15.50 ,FREE delivery on $25 shipped by Amazon.,B00OM1LRQY,https://m.media-amazon.com/images/I/71N4s8WR+SL._AC_UL320_.jpg
734,https://www.amazon.com/Victorias-Secret-Fantasies-Fragrance-Spell/dp/B01687MKEM/ref=sr_1_12?crid=1KZWC3SJKICKZ&keywords=body+mist&qid=1668802772&sprefix=body+mist%2Caps%2C80&sr=8-12,Victoria's Secret Love Spell 8.4oz Mist,8.4 Fl Oz (Pack of 1),4.6 out of 5 stars,"23,786",$18.06 ,"FREE delivery Fri, Nov 25 on $25 of items shipped by Amazon|",B01687MKEM,https://m.media-amazon.com/images/I/41Za43Cwz2L._AC_UL320_.jpg
735,https://www.amazon.com/Pacifica-Beauty-Indian-Coconut-Perfumed/dp/B06ZXZC8DQ/ref=sr_1_13?crid=1KZWC3SJKICKZ&keywords=body+mist&qid=1668802772&sprefix=body+mist%2Caps%2C80&sr=8-13,"Pacifica Beauty, Indian Coconut Nectar Hair Perfume & Body Mist, Coconut and Creamy Vanilla Scent, Natural + Essential Oils, Alcohol Free, 100% Vegan and Cruelty Free, Clean Fragrance",6 Fl Oz (Pack of 1),4.2 out of 5 stars,"12,947",$11.99 ,"FREE delivery Fri, Nov 25 on $25 of items shipped by AmazonOr fastest delivery Sun, Nov 20|",B06ZXZC8DQ,https://m.media-amazon.com/images/I/61pmLWAY06L._AC_UL320_.jpg
736,https://www.amazon.com/Vital-Luxury-Bath-Body-Travel/dp/B07Q3PTKST/ref=sxin_24_trfobq2a_0_B07Q3PTKST?content-id=amzn1.sym.2500a036-1c45-42a8-89a2-72bf8896ce48%3Aamzn1.sym.2500a036-1c45-42a8-89a2-72bf8896ce48&crid=1KZWC3SJKICKZ&cv_ct_cx=body+mist&keywords=body+mist&pd_rd_i=B07Q3PTKST&pd_rd_r=8d64a0b4-aafa-4628-ad27-8d19eacd4107&pd_rd_w=jno6h&pd_rd_wg=KoB2b&pf_rd_p=2500a036-1c45-42a8-89a2-72bf8896ce48&pf_rd_r=NHVG2D3KHPP9S8H9K4YW&qid=1668802772&sprefix=body+mist%2Caps%2C80&sr=1-1-c944532c-3909-4a2a-84a2-570d2ee3cd13,"Vital Luxury Bath & Body Care Travel Set - Home Spa Set with Body Lotion, Shower Gel and Fragrance Mist (Cotton Candy)",Amazon’s private and select exclusive brands,4.1 out of 5 stars|4.0 out of 5 stars|4.1 out of 5 stars|4.4 out of 5 stars,"1,061|205|503|271",$17.99 ,,,https://m.media-amazon.com/images/I/71zO1jykycL._AC_UL320_.jpg|https://m.media-amazon.com/images/I/711jGvtNYbL._AC_UL320_.jpg|https://m.media-amazon.com/images/I/71CUTxwCugL._AC_UL320_.jpg|https://m.media-amazon.com/images/I/71-WXIP-gOL._AC_UL320_.jpg
737,https://www.amazon.com/Vital-Luxury-Bath-Body-Travel/dp/B07Q3PTKST/ref=sxin_24_trfobq2a_0_B07Q3PTKST?content-id=amzn1.sym.2500a036-1c45-42a8-89a2-72bf8896ce48%3Aamzn1.sym.2500a036-1c45-42a8-89a2-72bf8896ce48&crid=1KZWC3SJKICKZ&cv_ct_cx=body+mist&keywords=body+mist&pd_rd_i=B07Q3PTKST&pd_rd_r=8d64a0b4-aafa-4628-ad27-8d19eacd4107&pd_rd_w=jno6h&pd_rd_wg=KoB2b&pf_rd_p=2500a036-1c45-42a8-89a2-72bf8896ce48&pf_rd_r=NHVG2D3KHPP9S8H9K4YW&qid=1668802772&sprefix=body+mist%2Caps%2C80&sr=1-1-c944532c-3909-4a2a-84a2-570d2ee3cd13,"Vital Luxury Bath & Body Care Travel Set - Home Spa Set with Body Lotion, Shower Gel and Fragrance Mist (Cotton Candy)",3 Fl Oz (Pack of 3),4.1 out of 5 stars,"1,061",$17.99 ,,B07Q3PTKST,https://m.media-amazon.com/images/I/71zO1jykycL._AC_UL320_.jpg
738,https://www.amazon.com/Vital-Luxury-Bath-Body-Care/dp/B07Q6WHZBH/ref=sxin_24_trfobq2a_1_B07Q6WHZBH?content-id=amzn1.sym.2500a036-1c45-42a8-89a2-72bf8896ce48%3Aamzn1.sym.2500a036-1c45-42a8-89a2-72bf8896ce48&crid=1KZWC3SJKICKZ&cv_ct_cx=body+mist&keywords=body+mist&pd_rd_i=B07Q6WHZBH&pd_rd_r=8d64a0b4-aafa-4628-ad27-8d19eacd4107&pd_rd_w=jno6h&pd_rd_wg=KoB2b&pf_rd_p=2500a036-1c45-42a8-89a2-72bf8896ce48&pf_rd_r=NHVG2D3KHPP9S8H9K4YW&qid=1668802772&sprefix=body+mist%2Caps%2C80&sr=1-2-c944532c-3909-4a2a-84a2-570d2ee3cd13,"Vital Luxury Bath & Body Care Gift Set - Home Spa Set with Body Lotion, Shower Gel and Fragrance Mist (City of Love)",($29.99/Count),4.0 out of 5 stars,205,$29.99 ,,B07Q6WHZBH,https://m.media-amazon.com/images/I/711jGvtNYbL._AC_UL320_.jpg
739,https://www.amazon.com/Vital-Luxury-Skincare-Fragrance-Cityoflove/dp/B098DNB525/ref=sxin_24_trfobq2a_2_B098DNB525?content-id=amzn1.sym.2500a036-1c45-42a8-89a2-72bf8896ce48%3Aamzn1.sym.2500a036-1c45-42a8-89a2-72bf8896ce48&crid=1KZWC3SJKICKZ&cv_ct_cx=body+mist&keywords=body+mist&pd_rd_i=B098DNB525&pd_rd_r=8d64a0b4-aafa-4628-ad27-8d19eacd4107&pd_rd_w=jno6h&pd_rd_wg=KoB2b&pf_rd_p=2500a036-1c45-42a8-89a2-72bf8896ce48&pf_rd_r=NHVG2D3KHPP9S8H9K4YW&qid=1668802772&sprefix=body+mist%2Caps%2C80&sr=1-3-c944532c-3909-4a2a-84a2-570d2ee3cd13,"Vital Luxury Bath & Body Kit, 3 Fl Oz, Ideal Skincare Gift Home Spa Set, Includes Body Lotion, Shower Gel, Body Cream, and Fragrance Mist (Cityoflove)",($5.50/Count),4.1 out of 5 stars,503,$21.99 ,,B098DNB525,https://m.media-amazon.com/images/I/71CUTxwCugL._AC_UL320_.jpg
740,https://www.amazon.com/Vital-Luxury-Lotion-Shower-travel/dp/B07QVKNDHX/ref=sxin_24_trfobq2a_3_B07QVKNDHX?content-id=amzn1.sym.2500a036-1c45-42a8-89a2-72bf8896ce48%3Aamzn1.sym.2500a036-1c45-42a8-89a2-72bf8896ce48&crid=1KZWC3SJKICKZ&cv_ct_cx=body+mist&keywords=body+mist&pd_rd_i=B07QVKNDHX&pd_rd_r=8d64a0b4-aafa-4628-ad27-8d19eacd4107&pd_rd_w=jno6h&pd_rd_wg=KoB2b&pf_rd_p=2500a036-1c45-42a8-89a2-72bf8896ce48&pf_rd_r=NHVG2D3KHPP9S8H9K4YW&qid=1668802772&sprefix=body+mist%2Caps%2C80&sr=1-4-c944532c-3909-4a2a-84a2-570d2ee3cd13,"Vital Luxury Sweet Pea Bath and Body Gift Set For Women ,Includes Body Lotion, Shower Gel and Body Mist (travel set)",3 Fl Oz (Pack of 3),4.4 out of 5 stars,271,$17.99 ,,B07QVKNDHX,https://m.media-amazon.com/images/I/71-WXIP-gOL._AC_UL320_.jpg
741,https://www.amazon.com/Mario-Badescu-Facial-Spray-Rosewater/dp/B002LC9OES/ref=sxin_25?asc_contentid=amzn1.osa.2fa238c7-a8f8-481b-b4de-cf37472f7339.ATVPDKIKX0DER.en_US&asc_contenttype=article&ascsubtag=amzn1.osa.2fa238c7-a8f8-481b-b4de-cf37472f7339.ATVPDKIKX0DER.en_US&content-id=amzn1.sym.01243ef6-1f4d-40e2-ad34-d02b1375dcf1%3Aamzn1.sym.01243ef6-1f4d-40e2-ad34-d02b1375dcf1&creativeASIN=B002LC9OES&crid=1KZWC3SJKICKZ&cv_ct_cx=body+mist&cv_ct_id=amzn1.osa.2fa238c7-a8f8-481b-b4de-cf37472f7339.ATVPDKIKX0DER.en_US&cv_ct_pg=search&cv_ct_we=asin&cv_ct_wn=osp-single-source-pecos-desktop&keywords=body+mist&linkCode=oas&pd_rd_i=B002LC9OES&pd_rd_r=8d64a0b4-aafa-4628-ad27-8d19eacd4107&pd_rd_w=dx0E1&pd_rd_wg=KoB2b&pf_rd_p=01243ef6-1f4d-40e2-ad34-d02b1375dcf1&pf_rd_r=NHVG2D3KHPP9S8H9K4YW&qid=1668802772&sprefix=body+mist%2Caps%2C80&sr=1-1-c26ac7f6-b43f-4741-a772-17cad7536576&tag=byrdiepublish-20,"Mario Badescu Facial Spray with Aloe, Herbs and Rosewater for All Skin Types | Face Mist that Hydrates, Rejuvenates & Clarifies",By,4.5 out of 5 stars|4.5 out of 5 stars,"57,670|964",$5.25 ,,,https://m.media-amazon.com/images/I/71HBFaf-ZVL._AC_UL320_.jpg|https://m.media-amazon.com/images/I/61Ybj37C5nL._AC_UL320_.jpg
743,https://www.amazon.com/Bath-Body-Works-Thousand-Fragrance/dp/B081TQ9PPY/ref=sr_1_14?crid=1KZWC3SJKICKZ&keywords=body+mist&qid=1668802772&sprefix=body+mist%2Caps%2C80&sr=8-14,Bath & Body Works A Thousand Wishes 2019 Edition Fine Fragrance Mist 8 fl oz / 236 mL,8 Fl Oz (Pack of 1),4.7 out of 5 stars,"16,680",$13.49 ,FREE delivery on $25 shipped by Amazon.,B081TQ9PPY,https://m.media-amazon.com/images/I/61wCt8XGfiL._AC_UL320_.jpg
744,https://www.amazon.com/Cruz-Rose-Water-Spray-Made/dp/B00270AG7S/ref=sr_1_15?crid=1KZWC3SJKICKZ&keywords=body+mist&qid=1668802772&sprefix=body+mist%2Caps%2C80&sr=8-15,"De La Cruz Rose Water Spray, No Parabens or Artificial Colors, Vegan, Made in USA 8 FL. OZ. (1 Bottle)",8 Fl Oz (Pack of 1),4.3 out of 5 stars,"1,900",$5.72 ,"FREE delivery Fri, Nov 25 on $25 of items shipped by AmazonOr fastest delivery Mon, Nov 21|",B00270AG7S,https://m.media-amazon.com/images/I/71a7t-tV+3L._AC_UL320_.jpg
745,https://www.amazon.com/Ari-Ariana-Grande-Body-Mist/dp/B08HZZ3YVZ/ref=sr_1_16?crid=1KZWC3SJKICKZ&keywords=body+mist&qid=1668802772&sprefix=body+mist%2Caps%2C80&sr=8-16,"Ari By Ariana Grande Body Mist, 8.0 Fl Oz",8 Fl Oz (Pack of 1),4.5 out of 5 stars,"1,185",$13.62 ,"FREE delivery Fri, Nov 25 on $25 of items shipped by AmazonOr fastest delivery Tue, Nov 22|",B08HZZ3YVZ,https://m.media-amazon.com/images/I/61FTM-bwyuL._AC_UL320_.jpg
746,https://www.amazon.com/sspa/click?ie=UTF8&spc=MTo0NjY3MDkwNTc4NzQ2NjA3OjE2Njg4MDI3NzI6c3BfbXRmOjIwMDEwMzU0MDUxMzk5ODo6MDo6&url=%2FVera-Wang-Princess-piece-Women%2Fdp%2FB0B9PQBDBK%2Fref%3Dsr_1_17_sspa%3Fcrid%3D1KZWC3SJKICKZ%26keywords%3Dbody%2Bmist%26qid%3D1668802772%26sprefix%3Dbody%2Bmist%252Caps%252C80%26sr%3D8-17-spons%26sp_csd%3Dd2lkZ2V0TmFtZT1zcF9tdGY%26psc%3D1,Vera Wang Princess 2 piece Gift Set for Women - 1.0 oz Eau De Toilette Spray + 4.0 oz Hair and Body Mist,Sponsored,4.5 out of 5 stars,"44,605",$21.99 ,"FREE delivery Fri, Nov 25 on $25 of items shipped by AmazonOr fastest delivery Sun, Nov 20|",B0B9PQBDBK,https://m.media-amazon.com/images/I/81FGdZTSkBL._AC_UL320_.jpg
747,https://www.amazon.com/sspa/click?ie=UTF8&spc=MTo0NjY3MDkwNTc4NzQ2NjA3OjE2Njg4MDI3NzI6c3BfbXRmOjIwMDA5MzAwMzAxMzYzMTo6MDo6&url=%2FFantasies-Signature-Fragrance-Japanese-Blossom%2Fdp%2FB096WGPXHJ%2Fref%3Dsr_1_18_sspa%3Fcrid%3D1KZWC3SJKICKZ%26keywords%3Dbody%2Bmist%26qid%3D1668802772%26sprefix%3Dbody%2Bmist%252Caps%252C80%26sr%3D8-18-spons%26sp_csd%3Dd2lkZ2V0TmFtZT1zcF9tdGY%26psc%3D1,"Body Fantasies Signature Fragrance Body Spray, Japanese Cherry Blossom, 8 fl oz (Pack of 2)",Sponsored,4.5 out of 5 stars,"4,919",$11.75 ,"FREE delivery Fri, Nov 25 on $25 of items shipped by AmazonOr fastest delivery Sun, Nov 20|",B096WGPXHJ,https://m.media-amazon.com/images/I/71GOyqwa6-S._AC_UL320_.jpg
748,https://www.amazon.com/sspa/click?ie=UTF8&spc=MTo0NjY3MDkwNTc4NzQ2NjA3OjE2Njg4MDI3NzI6c3BfbXRmOjIwMDA3ODk4MzEyNzQ0MTo6MDo6&url=%2FMoroccanoil-Hair-Body-Fragrance-Travel%2Fdp%2FB095DDZG7V%2Fref%3Dsr_1_19_sspa%3Fcrid%3D1KZWC3SJKICKZ%26keywords%3Dbody%2Bmist%26qid%3D1668802772%26sprefix%3Dbody%2Bmist%252Caps%252C80%26sr%3D8-19-spons%26sp_csd%3Dd2lkZ2V0TmFtZT1zcF9tdGY%26psc%3D1,Moroccanoil Hair and Body Fragrance Mist,Sponsored,4.4 out of 5 stars,"4,134",$18.00 ,"FREE delivery Fri, Nov 25 on $25 of items shipped by AmazonOr fastest delivery Sun, Nov 20|",B095DDZG7V,https://m.media-amazon.com/images/I/51MQvmOnagS._AC_UL320_.jpg
749,https://www.amazon.com/sspa/click?ie=UTF8&spc=MTo0NjY3MDkwNTc4NzQ2NjA3OjE2Njg4MDI3NzI6c3BfbXRmOjIwMDA3NDMxODQzMDA5ODo6MDo6&url=%2FVital-Luxury-Bath-Body-Travel%2Fdp%2FB07Q4N23MT%2Fref%3Dsr_1_20_sspa%3Fcrid%3D1KZWC3SJKICKZ%26keywords%3Dbody%2Bmist%26qid%3D1668802772%26sprefix%3Dbody%2Bmist%252Caps%252C80%26sr%3D8-20-spons%26sp_csd%3Dd2lkZ2V0TmFtZT1zcF9tdGY%26psc%3D1,"Vital Luxury Bath & Body Care Travel Set - Home Spa Set with Body Lotion, Shower Gel and Fragrance Mist (Japanese Cherry Blossom)",Sponsored,4.1 out of 5 stars,"1,061",$17.99 ,"FREE delivery Fri, Nov 25 on $25 of items shipped by AmazonOr fastest delivery Sun, Nov 20|",B07Q4N23MT,https://m.media-amazon.com/images/I/71fJzH5+PLL._AC_UL320_.jpg
750,https://www.amazon.com/Victorias-Secret-Fragrance-8-4oz-250mL/dp/B0163F6AMW/ref=sr_1_21?crid=1KZWC3SJKICKZ&keywords=body+mist&qid=1668802772&sprefix=body+mist%2Caps%2C80&sr=8-21,Victoria's Secret Very Sexy Fine Fragrance 8.4oz Mist,8.4 Fl Oz (Pack of 1),4.6 out of 5 stars,"6,877",$23.00 ,"FREE delivery Fri, Nov 25 on $25 of items shipped by AmazonOr fastest delivery Tue, Nov 22|",B0163F6AMW,https://m.media-amazon.com/images/I/61KYUuSOzwL._AC_UL320_.jpg
751,https://www.amazon.com/GUESS-Seductive-Fragrance-Spray-Women/dp/B08WJNKNHX/ref=sr_1_22?crid=1KZWC3SJKICKZ&keywords=body+mist&qid=1668802772&sprefix=body+mist%2Caps%2C80&sr=8-22,"GUESS Seductive Noir Fragrance Body Mist Spray for Women, 8.4 Fl Oz",8.4 Fl Oz (Pack of 1),4.1 out of 5 stars,"1,829",$9.99 ,"FREE delivery Fri, Nov 25 on $25 of items shipped by AmazonOr fastest delivery Sun, Nov 20|",B08WJNKNHX,https://m.media-amazon.com/images/I/61CmdC+oHvS._AC_UL320_.jpg
752,https://www.amazon.com/Works-Warm-Vanilla-Sugar-Fragrance/dp/B001N7SW9K/ref=sr_1_23?crid=1KZWC3SJKICKZ&keywords=body+mist&qid=1668802772&sprefix=body+mist%2Caps%2C80&sr=8-23,"Bath and Body Works Warm Vanilla Sugar Fine Fragrance Mist, 8 Fl Ounce",8 Fl Oz (Pack of 1),4.7 out of 5 stars,"16,680",$16.39 ,"FREE delivery Fri, Nov 25 on $25 of items shipped by AmazonOr fastest delivery Sun, Nov 20|",B001N7SW9K,https://m.media-amazon.com/images/I/71f01ZpI-8L._AC_UL320_.jpg
753,https://www.amazon.com/Pacifica-Lavender-moon-body-pillow/dp/B084B27DCM/ref=sr_1_24?crid=1KZWC3SJKICKZ&keywords=body+mist&qid=1668802772&sprefix=body+mist%2Caps%2C80&sr=8-24,Pacifica Body and Pillow Mist - Lavender Moon 4 oz,4 Fl Oz (Pack of 1),4.4 out of 5 stars,890,$9.99 ,"FREE delivery Fri, Nov 25 on $25 of items shipped by AmazonOr fastest delivery Sun, Nov 20|",B084B27DCM,https://m.media-amazon.com/images/I/71+q5FpaEXL._AC_UL320_.jpg
754,https://www.amazon.com/Bath-Body-Works-Fragrance-Limited/dp/B07888B75F/ref=sr_1_25?crid=1KZWC3SJKICKZ&keywords=body+mist&qid=1668802772&sprefix=body+mist%2Caps%2C80&sr=8-25,"Bath & Body Works Rose Fine Fragrance Mist, 8 Fl Oz",8 Fl Oz (Pack of 1),4.6 out of 5 stars,"2,821",$13.79 ,"FREE delivery Fri, Nov 25 on $25 of items shipped by AmazonOr fastest delivery Tue, Nov 22|",B07888B75F,https://m.media-amazon.com/images/I/51olJPrS7cL._AC_UL320_.jpg
755,https://www.amazon.com/Bath-Body-Works-Cucumber-Fragrance/dp/B00ZGSEF8Y/ref=sr_1_26?crid=1KZWC3SJKICKZ&keywords=body+mist&qid=1668802772&sprefix=body+mist%2Caps%2C80&sr=8-26,"Bath & Body Works Cucumber Melon Fine Fragrance Mist, 8 Ounce",8 Fl Oz (Pack of 1),4.6 out of 5 stars,"22,162",$9.98 ,FREE delivery Nov 23 - 25 Or fastest delivery Nov 22 - 23,B00ZGSEF8Y,https://m.media-amazon.com/images/I/51r1MdCbjbL._AC_UL320_.jpg
756,https://www.amazon.com/Dolly-Parton-Tennessee-Sunset-Beauty/dp/B09KVK4KLS/ref=sr_1_27?crid=1KZWC3SJKICKZ&keywords=body+mist&qid=1668802772&sprefix=body+mist%2Caps%2C80&sr=8-27,Dolly Parton Body Mist by Scent Beauty - Perfume for Women - 8.0 Fl Oz - Tennessee Sunset,8 Fl Oz (Pack of 1),4.4 out of 5 stars,"1,067",$9.99 ,"FREE delivery Fri, Nov 25 on $25 of items shipped by AmazonOr fastest delivery Tue, Nov 22|",B09KVK4KLS,https://m.media-amazon.com/images/I/61a2JYOVPjL._AC_UL320_.jpg
757,https://www.amazon.com/Good-Chemistry-Magnolia-Violet-Body/dp/B0B6QFQJTW/ref=sr_1_28?crid=1KZWC3SJKICKZ&keywords=body+mist&qid=1668802772&sprefix=body+mist%2Caps%2C80&sr=8-28,Good Chemistry Magnolia Violet Body Mist,5 Fl Oz (Pack of 1),4.3 out of 5 stars,160,$10.99 ,"FREE delivery Fri, Nov 25 on $25 of items shipped by AmazonOr fastest delivery Tue, Nov 22|",B0B6QFQJTW,https://m.media-amazon.com/images/I/61X6jMag7UL._AC_UL320_.jpg
758,https://www.amazon.com/Ariana-Grande-Cloud-Fluid-fluid_ounces/dp/B08HZZGFQC/ref=sr_1_29?crid=1KZWC3SJKICKZ&keywords=body+mist&qid=1668802772&sprefix=body+mist%2Caps%2C80&sr=8-29,"Ariana Grande Ariana Grande Cloud Body Mist, 8.0 Fluid Ounce, 8.0 fluid_ounces",8 Fl Oz (Pack of 1),4.4 out of 5 stars,"6,544",,,B08HZZGFQC,https://m.media-amazon.com/images/I/41h++qVHziL._AC_UL320_.jpg
759,https://www.amazon.com/Curve-Pink-Blossom-Women-Fragrance/dp/B08F5Z513K/ref=sr_1_30?crid=1KZWC3SJKICKZ&keywords=body+mist&qid=1668802772&sprefix=body+mist%2Caps%2C80&sr=8-30,"Curve Curve Pink Blossom for Women 8.0 Oz Fine Fragrance Mist, 8.0 Fl Oz",8 Fl Oz (Pack of 1),4.3 out of 5 stars,"1,146",$9.99 ,"FREE delivery Fri, Nov 25 on $25 of items shipped by AmazonOr fastest delivery Sun, Nov 20|",B08F5Z513K,https://m.media-amazon.com/images/I/517Px4rITiL._AC_UL320_.jpg
760,https://www.amazon.com/Victorias-Secret-Tease-Cr%C3%A8me-Fragrance/dp/B09V1Q7V9D/ref=sr_1_31?crid=1KZWC3SJKICKZ&keywords=body+mist&qid=1668802772&sprefix=body+mist%2Caps%2C80&sr=8-31,Victoria's Secret Tease Crème Cloud Fine Fragrance 8.4oz Mist,8.4 Fl Oz (Pack of 1),4.6 out of 5 stars,"6,877",$23.00 ,"FREE delivery Fri, Nov 25 on $25 of items shipped by Amazon|",B09V1Q7V9D,https://m.media-amazon.com/images/I/51xhnce3GVL._AC_UL320_.jpg
761,https://www.amazon.com/AQUA-BLANCE-Spray-Fragrance-Women/dp/B09P53BJNZ/ref=sr_1_32?crid=1KZWC3SJKICKZ&keywords=body+mist&qid=1668802772&sprefix=body+mist%2Caps%2C80&sr=8-32,"AQUA BLANCE Body Spray, Fragrance Mist for Women, Pack of 3, Each 3.9 Fl Oz, Total 11.7 Fl Oz",1.3 Fl Oz (Pack of 3),4.2 out of 5 stars,80,$17.99 ,"FREE delivery Fri, Nov 25 on $25 of items shipped by AmazonOr fastest delivery Sun, Nov 20|",B09P53BJNZ,https://m.media-amazon.com/images/I/81GrxoMkV2L._AC_UL320_.jpg
762,https://www.amazon.com/sspa/click?ie=UTF8&spc=MTo0NjY3MDkwNTc4NzQ2NjA3OjE2Njg4MDI3NzI6c3BfbXRmOjIwMDA3MjI0OTIxNDY5ODo6MDo6&url=%2FVital-Luxury-Skincare-Fragrance-Japanese%2Fdp%2FB098DLSHNG%2Fref%3Dsr_1_33_sspa%3Fcrid%3D1KZWC3SJKICKZ%26keywords%3Dbody%2Bmist%26qid%3D1668802772%26sprefix%3Dbody%2Bmist%252Caps%252C80%26sr%3D8-33-spons%26sp_csd%3Dd2lkZ2V0TmFtZT1zcF9tdGY%26psc%3D1,"Vital Luxury Bath & Body Kit, 3 Fl Oz, Ideal Skincare Gift Home Spa Set, Includes Body Lotion, Shower Gel, Body Cream, and Fragrance Mist (Japanese Cherry Blossoms)",Sponsored,4.1 out of 5 stars,503,$21.99 ,"FREE delivery Fri, Nov 25 on $25 of items shipped by Amazon|",B098DLSHNG,https://m.media-amazon.com/images/I/71g2XnOYzVL._AC_UL320_.jpg
763,https://www.amazon.com/sspa/click?ie=UTF8&spc=MTo0NjY3MDkwNTc4NzQ2NjA3OjE2Njg4MDI3NzI6c3BfbXRmOjIwMDEwMjM4NTM0NjA5ODo6MDo6&url=%2FParnell-Cicamanu-Balanced-Centella-Asiatica%2Fdp%2FB0BF3VM3XJ%2Fref%3Dsr_1_34_sspa%3Fcrid%3D1KZWC3SJKICKZ%26keywords%3Dbody%2Bmist%26qid%3D1668802772%26sprefix%3Dbody%2Bmist%252Caps%252C80%26sr%3D8-34-spons%26sp_csd%3Dd2lkZ2V0TmFtZT1zcF9tdGY%26psc%3D1,"Parnell Cicamanu pH Balanced Body Mist with Centella Asiatica, Manuka Honey & LHA - Back and Body Acne Spray for Smooth and Clear Body Skin, 5.07 fl.oz, Alcohol-Free, Korean Skincare, Not Tested on Animals",Sponsored,,,$28.00 ,"FREE delivery Fri, Nov 25 Or fastest delivery Mon, Nov 21|",B0BF3VM3XJ,https://m.media-amazon.com/images/I/51OSk7QvRSL._AC_UL320_.jpg
764,https://www.amazon.com/sspa/click?ie=UTF8&spc=MTo0NjY3MDkwNTc4NzQ2NjA3OjE2Njg4MDI3NzI6c3BfbXRmOjIwMDA1MTU4ODM4NzYzMTo6MDo6&url=%2FInstyle-Fragrances-Marshmallow-Panthenol-Phthalate%2Fdp%2FB08NF943W6%2Fref%3Dsr_1_35_sspa%3Fcrid%3D1KZWC3SJKICKZ%26keywords%3Dbody%2Bmist%26qid%3D1668802772%26sprefix%3Dbody%2Bmist%252Caps%252C80%26sr%3D8-35-spons%26sp_csd%3Dd2lkZ2V0TmFtZT1zcF9tdGY%26psc%3D1,"Instyle Fragrances | Body & Hair Mist | Marshmallow Cloud Scent | With Panthenol | CLEAN, Vegan, Paraben Free, Phthalate Free | Premium 8 Fl Oz Spray Bottle",Sponsored,4.0 out of 5 stars,"1,211",$12.46 ,"FREE delivery Fri, Nov 25 on $25 of items shipped by AmazonOr fastest delivery Sun, Nov 20||Small Business|Small Business|Small Business|<img alt="""" src=""https://m.media-amazon.com/images/I/111mHoVK0kL._SS200_.png"" height=""50px"" width=""50px""/>  Small Business|<img alt="""" src=""https://m.media-amazon.com/images/I/111mHoVK0kL._SS200_.png"" height=""50px"" width=""50px""/>  Small Business",B08NF943W6,https://m.media-amazon.com/images/I/41aQinuZNoL._AC_UL320_.jpg|https://m.media-amazon.com/images/I/111mHoVK0kL._SS200_.png|
765,https://www.amazon.com/sspa/click?ie=UTF8&spc=MTo0NjY3MDkwNTc4NzQ2NjA3OjE2Njg4MDI3NzI6c3BfbXRmOjIwMDA3NDExNTE0NTU5ODo6MDo6&url=%2FASUTRA-Premium-Aromatherapy-SOOTHING-COMFORT%2Fdp%2FB00ZKIIBWG%2Fref%3Dsr_1_36_sspa%3Fcrid%3D1KZWC3SJKICKZ%26keywords%3Dbody%2Bmist%26qid%3D1668802772%26sprefix%3Dbody%2Bmist%252Caps%252C80%26sr%3D8-36-spons%26sp_csd%3Dd2lkZ2V0TmFtZT1zcF9tdGY%26psc%3D1,"ASUTRA Lavender & Chamomile Essential Oil Blend, Aromatherapy Spray, 4 fl oz | for Face, Body, Rooms, & Linens | Helps Relax Mind & Body to Sleep | Pure Soothing Comfort",Sponsored,4.3 out of 5 stars,"3,296",$11.99 ,"FREE delivery Fri, Nov 25 on $25 of items shipped by AmazonOr fastest delivery Sun, Nov 20||Small Business|Small Business|Small Business|<img alt="""" src=""https://m.media-amazon.com/images/I/111mHoVK0kL._SS200_.png"" height=""50px"" width=""50px""/>  Small Business|<img alt="""" src=""https://m.media-amazon.com/images/I/111mHoVK0kL._SS200_.png"" height=""50px"" width=""50px""/>  Small Business",B00ZKIIBWG,https://m.media-amazon.com/images/I/61wzU0saOGL._AC_UL320_.jpg|https://m.media-amazon.com/images/I/111mHoVK0kL._SS200_.png|
766,https://www.amazon.com/Lucky-You-Brand-Fragrance-Mist/dp/B01H0NRT8K/ref=sr_1_37?crid=1KZWC3SJKICKZ&keywords=body+mist&qid=1668802772&sprefix=body+mist%2Caps%2C80&sr=8-37,"Women's Body Mist by Lucky You, Eau de Toilette Spray, Day or Night Fragrance with Fresh Flower Citrus Scent, 8 Fl Oz",8 Fl Oz (Pack of 1),4.5 out of 5 stars,"1,213",$9.64 ,"FREE delivery Fri, Nov 25 on $25 of items shipped by AmazonOr fastest delivery Sun, Nov 20|",B01H0NRT8K,https://m.media-amazon.com/images/I/615z7VXpEiL._AC_UL320_.jpg
767,https://www.amazon.com/Bath-Body-Works-Happy-Fragrance/dp/B07CHZF214/ref=sr_1_38?crid=1KZWC3SJKICKZ&keywords=body+mist&qid=1668802772&sprefix=body+mist%2Caps%2C80&sr=8-38,Bath and Body Works Fine Happy Vibes Fragrance Mist 8 Fluid Ounce,8 Fl Oz (Pack of 1),4.6 out of 5 stars,685,$12.98 ,"FREE delivery Fri, Nov 25 on $25 of items shipped by Amazon|",B07CHZF214,https://m.media-amazon.com/images/I/71wVcrghOnL._AC_UL320_.jpg
768,https://www.amazon.com/Fantasies-Signature-Fragrance-Japanese-Blossom/dp/B096WGPXHJ/ref=sr_1_39?crid=1KZWC3SJKICKZ&keywords=body+mist&qid=1668802772&sprefix=body+mist%2Caps%2C80&sr=8-39,"Body Fantasies Signature Fragrance Body Spray, Japanese Cherry Blossom, 8 fl oz (Pack of 2)",8 Fl Oz (Pack of 2),4.5 out of 5 stars,"4,919",$11.75 ,"FREE delivery Fri, Nov 25 on $25 of items shipped by AmazonOr fastest delivery Sun, Nov 20|",B096WGPXHJ,https://m.media-amazon.com/images/I/71GOyqwa6-S._AC_UL320_.jpg
769,https://www.amazon.com/Cheirosa-Hair-Body-Fragrance-Mist/dp/B08K3QF1YN/ref=sr_1_40?crid=1KZWC3SJKICKZ&keywords=body+mist&qid=1668802772&sprefix=body+mist%2Caps%2C80&sr=8-40,SOL DE JANEIRO Body Fragrance Mist,($6.67/Fl Oz),4.6 out of 5 stars,"22,018",$20.00 ,"FREE delivery Fri, Nov 25 on $25 of items shipped by AmazonOr fastest delivery Tue, Nov 22||Small Business|Small Business|Small Business|<img alt="""" src=""https://m.media-amazon.com/images/I/111mHoVK0kL._SS200_.png"" height=""50px"" width=""50px""/>  Small Business|<img alt="""" src=""https://m.media-amazon.com/images/I/111mHoVK0kL._SS200_.png"" height=""50px"" width=""50px""/>  Small Business",B08K3QF1YN,https://m.media-amazon.com/images/I/71qVreCviXL._AC_UL320_.jpg|https://m.media-amazon.com/images/I/111mHoVK0kL._SS200_.png|
770,https://www.amazon.com/Ariana-Perfume-Preferred-commodity-t-fex-549788/dp/B09HTQB1DB/ref=sr_1_41?crid=1KZWC3SJKICKZ&keywords=body+mist&qid=1668802772&sprefix=body+mist%2Caps%2C80&sr=8-41,8 oz Body Mist Ariana Grande Cloud Perfume By Ariana Grande Body Mist Perfume for Women [Preferred commodity] (t-fex-549788),8 Fl Oz (Pack of 1),4.2 out of 5 stars,73,$19.30 ,FREE delivery Nov 23 - 29 Or fastest delivery Nov 22 - 23,B09HTQB1DB,https://m.media-amazon.com/images/I/31kIp6q3KXL._AC_UL320_.jpg
771,https://www.amazon.com/Victorias-Secret-Natural-Lavender-Vanilla/dp/B09V1QBVML/ref=sr_1_42?crid=1KZWC3SJKICKZ&keywords=body+mist&qid=1668802772&sprefix=body+mist%2Caps%2C80&sr=8-42,Victoria's Secret Natural Beauty Lavender & Vanilla 8.4oz Mist,8.4 Fl Oz (Pack of 1),4.6 out of 5 stars,"23,786",$19.95 ,"FREE delivery Fri, Nov 25 on $25 of items shipped by AmazonOr fastest delivery Tue, Nov 22|",B09V1QBVML,https://m.media-amazon.com/images/I/51BTWa-pvxL._AC_UL320_.jpg
772,https://www.amazon.com/Rihanna-Body-Spray-Women-Ounce/dp/B00K1D5CVI/ref=sr_1_43?crid=1KZWC3SJKICKZ&keywords=body+mist&qid=1668802772&sprefix=body+mist%2Caps%2C80&sr=8-43,"Rihanna Body Mist Spray for Women, Nude, 8 Ounce",8 Fl Oz (Pack of 1),4.6 out of 5 stars,"2,442",$11.03 ,"FREE delivery Fri, Nov 25 on $25 of items shipped by AmazonOr fastest delivery Sun, Nov 20|",B00K1D5CVI,https://m.media-amazon.com/images/I/51IICNBuBhL._AC_UL320_.jpg
773,https://www.amazon.com/Ariana-Grande-Thank-Next-Body/dp/B08HZXTMHS/ref=sr_1_44?crid=1KZWC3SJKICKZ&keywords=body+mist&qid=1668802772&sprefix=body+mist%2Caps%2C80&sr=8-44,"Ariana Grande Thank U Next Body Mist, 8 Fl Oz",8 Fl Oz (Pack of 1),4.4 out of 5 stars,"3,033",,,B08HZXTMHS,https://m.media-amazon.com/images/I/413y7yqwBkL._AC_UL320_.jpg
774,https://www.amazon.com/Kenneth-Cole-White-Body-Mist/dp/B01H0IZ7ZC/ref=sr_1_45?crid=1KZWC3SJKICKZ&keywords=body+mist&qid=1668802772&sprefix=body+mist%2Caps%2C80&sr=8-45,"Kenneth Cole White for Her Body Mist, 8.0 Fl oz",8 Fl Oz (Pack of 1),4.4 out of 5 stars,"5,050",$15.00 ,"FREE delivery Fri, Nov 25 on $25 of items shipped by AmazonOr fastest delivery Sun, Nov 20|",B01H0IZ7ZC,https://m.media-amazon.com/images/I/51JzTaCSl+L._AC_UL320_.jpg
775,https://www.amazon.com/Bath-Body-Works-Traditions-Fragrance/dp/B00OZN7X2Q/ref=sr_1_46?crid=1KZWC3SJKICKZ&keywords=body+mist&qid=1668802772&sprefix=body+mist%2Caps%2C80&sr=8-46,"Bath and Body Works Holiday Traditions Vanilla Bean Noel Fine Fragrance Mist, 8.0 Fl Oz",8 Fl Oz (Pack of 1),4.6 out of 5 stars,"4,375",$14.20 ,"FREE delivery Fri, Nov 25 on $25 of items shipped by AmazonOr fastest delivery Tue, Nov 22|",B00OZN7X2Q,https://m.media-amazon.com/images/I/61WDwcpzZVL._AC_UL320_.jpg
776,https://www.amazon.com/SOL-JANEIRO-Cheirosa-Fragrance-240ml/dp/B099T9WLZX/ref=sr_1_47?crid=1KZWC3SJKICKZ&keywords=body+mist&qid=1668802772&sprefix=body+mist%2Caps%2C80&sr=8-47,SOL DE JANEIRO Body Fragrance Mist,($4.38/Fl Oz),4.6 out of 5 stars,"22,018",$35.00 ,"FREE delivery Fri, Nov 25 Or fastest delivery Tue, Nov 22||Small Business|Small Business|Small Business|<img alt="""" src=""https://m.media-amazon.com/images/I/111mHoVK0kL._SS200_.png"" height=""50px"" width=""50px""/>  Small Business|<img alt="""" src=""https://m.media-amazon.com/images/I/111mHoVK0kL._SS200_.png"" height=""50px"" width=""50px""/>  Small Business",B099T9WLZX,https://m.media-amazon.com/images/I/71fNezVJzdS._AC_UL320_.jpg|https://m.media-amazon.com/images/I/111mHoVK0kL._SS200_.png|
777,https://www.amazon.com/Victorias-Secret-Fragrance-Mist-Vanilla/dp/B07JRG42D9/ref=sr_1_48?crid=1KZWC3SJKICKZ&keywords=body+mist&qid=1668802772&sprefix=body+mist%2Caps%2C80&sr=8-48,Victoria's Secret Bare Vanilla 8.4oz Mist,8.4 Fl Oz (Pack of 1),4.6 out of 5 stars,"23,786",$17.99 ,FREE delivery Nov 23 - 25,B07JRG42D9,https://m.media-amazon.com/images/I/61Nf-wYM-oL._AC_UL320_.jpg
778,https://www.amazon.com/Bath-Body-Works-Fragrance-Limited/dp/B07Z79RQHS/ref=sr_1_49?crid=1KZWC3SJKICKZ&keywords=body+mist&qid=1668802772&sprefix=body+mist%2Caps%2C80&sr=8-49,Bath and Body Works INTO THE NIGHT Fine Fragrance Mist 8 Fluid Ounce (2019 Limited Edition),8 Fl Oz (Pack of 1),4.7 out of 5 stars,"6,074",$15.90 ,"FREE delivery Fri, Nov 25 on $25 of items shipped by Amazon|",B07Z79RQHS,https://m.media-amazon.com/images/I/610FQbG7mPL._AC_UL320_.jpg
779,https://www.amazon.com/Jennifer-Aniston-Solstice-Fragrance-Perfumed/dp/B08P76Q68S/ref=sr_1_50?crid=1KZWC3SJKICKZ&keywords=body+mist&qid=1668802772&sprefix=body+mist%2Caps%2C80&sr=8-50,"Jennifer Aniston Solstice Bloom Perfumed Body Mist for Women, 8 Fl Oz",8 Fl Oz (Pack of 1),4.2 out of 5 stars,307,$9.99 ,"FREE delivery Fri, Nov 25 on $25 of items shipped by AmazonOr fastest delivery Sun, Nov 20|",B08P76Q68S,https://m.media-amazon.com/images/I/41DcZo+nXJL._AC_UL320_.jpg
780,https://www.amazon.com/GUESS-Angeles-Fragrance-Spray-Women/dp/B095MT9444/ref=sr_1_51?crid=1KZWC3SJKICKZ&keywords=body+mist&qid=1668802772&sprefix=body+mist%2Caps%2C80&sr=8-51,"GUESS 1981 Los Angeles Fragrance Body Mist Spray for Women, 8.4 Fl Oz",8.4 Fl Oz (Pack of 1),4.1 out of 5 stars,"2,387",$10.50 ,"FREE delivery Fri, Nov 25 on $25 of items shipped by AmazonOr fastest delivery Sun, Nov 20|",B095MT9444,https://m.media-amazon.com/images/I/71SWWWpDRDS._AC_UL320_.jpg
781,https://www.amazon.com/Bath-Body-Works-Fragrance-Citrus/dp/B007636KOO/ref=sr_1_52?crid=1KZWC3SJKICKZ&keywords=body+mist&qid=1668802772&sprefix=body+mist%2Caps%2C80&sr=8-52,"Bath and Body Works Fine Fragrance Mist, White Citrus, 8.0 Fl Oz",8 Fl Oz (Pack of 1),4.6 out of 5 stars,"1,839",$15.94 ,"FREE delivery Fri, Nov 25 on $25 of items shipped by Amazon|",B007636KOO,https://m.media-amazon.com/images/I/71wHjdGifKL._AC_UL320_.jpg
782,https://www.amazon.com/Bath-Body-Works-Fine-Fragrance/dp/B08JG3Y6GQ/ref=sr_1_53?crid=1KZWC3SJKICKZ&keywords=body+mist&qid=1668802772&sprefix=body+mist%2Caps%2C80&sr=8-53,Bath and Body Works Fine Fragrance Mist - 3 fl oz Travel Size - Many Scents (Snowflakes & Cahmere),3 Ounce,3.9 out of 5 stars,13,$12.49 ,FREE delivery Nov 23 - 29 Or fastest delivery Nov 22 - 23,B08JG3Y6GQ,https://m.media-amazon.com/images/I/41qstcWN+7L._AC_UL320_.jpg
783,https://www.amazon.com/Victorias-Secret-Amber-Romance-Refreshing/dp/B005T2SU92/ref=sr_1_54?crid=1KZWC3SJKICKZ&keywords=body+mist&qid=1668802772&sprefix=body+mist%2Caps%2C80&sr=8-54,Victoria's Secret Amber Romance 8.4oz Mist,8.4 Fl Oz (Pack of 1),4.6 out of 5 stars,"23,786",$14.00 ,"FREE delivery Fri, Nov 25 on $25 of items shipped by Amazon|",B005T2SU92,https://m.media-amazon.com/images/I/51wt0L9KY3L._AC_UL320_.jpg
784,https://www.amazon.com/Vital-Luxury-Bath-Body-Travel/dp/B07Q3PTKST/ref=sr_1_55?crid=1KZWC3SJKICKZ&keywords=body+mist&qid=1668802772&sprefix=body+mist%2Caps%2C80&sr=8-55,"Vital Luxury Bath & Body Care Travel Set - Home Spa Set with Body Lotion, Shower Gel and Fragrance Mist (Cotton Candy)",3 Fl Oz (Pack of 3),4.1 out of 5 stars,"1,061",$17.99 ,"FREE delivery Fri, Nov 25 on $25 of items shipped by AmazonOr fastest delivery Sun, Nov 20|",B07Q3PTKST,https://m.media-amazon.com/images/I/71zO1jykycL._AC_UL320_.jpg
785,https://www.amazon.com/amazing-grace-body-spritz-Oz/dp/B0BG3954SG/ref=sr_1_56?crid=1KZWC3SJKICKZ&keywords=body+mist&qid=1668802772&sprefix=body+mist%2Caps%2C80&sr=8-56,amazing grace body spritz 8 Oz.,8 Fl Oz (Pack of 1),,,$33.00 ,"FREE delivery Tue, Nov 29 Or fastest delivery Fri, Nov 25|",B0BG3954SG,https://m.media-amazon.com/images/I/61m5l4tKbzL._AC_UL320_.jpg
786,https://www.amazon.com/Tempting-Paradise-Women-Spray-Vergara/dp/B07C51FM8Y/ref=sr_1_57_mod_primary_new?crid=1KZWC3SJKICKZ&keywords=body+mist&qid=1668802772&sbo=RZvfv%2F%2FHxDF%2BO5021pAnSA%3D%3D&sprefix=body+mist%2Caps%2C80&sr=8-57,"SOFIA VERGARA Tempting Paradise Women, Clear, 8 Fl Oz (Pack of 1), (SOFBLW004)",8 Fl Oz (Pack of 1),4.3 out of 5 stars,"773|Another way to buy|$8.38$8.38 ($1.05/Ounce) $8.95$8.95|$8.38$8.38 ($1.05/Ounce) $8.95$8.95|($1.05/Ounce)|FREE delivery Fri, Nov 25 on $25 of items shipped by AmazonOr fastest delivery Tue, Nov 22",$6.87 ,"FREE delivery Nov 22 - 29 Or fastest delivery Nov 21 - 25|FREE delivery Fri, Nov 25 on $25 of items shipped by AmazonOr fastest delivery Tue, Nov 22|",B07C51FM8Y,https://m.media-amazon.com/images/I/61urmIBr-LL._AC_UL320_.jpg
787,https://www.amazon.com/Bath-Body-Works-Dahlia-Fragrance/dp/B08GLHZBXK/ref=sr_1_58?crid=1KZWC3SJKICKZ&keywords=body+mist&qid=1668802772&sprefix=body+mist%2Caps%2C80&sr=8-58,Bath and Body Works Dahlia Fine Fragrance Mist 8 Ounce Full Size Spray,8 Fl Oz (Pack of 1),4.7 out of 5 stars,"1,341",$17.49 ,FREE delivery Nov 23 - 25,B08GLHZBXK,https://m.media-amazon.com/images/I/71w7s0QH0lL._AC_UL320_.jpg
788,https://www.amazon.com/Bath-Body-Works-RASPBERRY-Fragrance/dp/B07TC8G4BF/ref=sr_1_59_mod_primary_new?crid=1KZWC3SJKICKZ&keywords=body+mist&qid=1668802772&sbo=RZvfv%2F%2FHxDF%2BO5021pAnSA%3D%3D&sprefix=body+mist%2Caps%2C80&sr=8-59,Bath and Body Works BLACK RASPBERRY VANILLA Fine Fragrance Mist 8 Fluid Ounce (2019 Edition),8 Fl Oz (Pack of 1),4.6 out of 5 stars,"22,162|Another way to buy|$15.30$15.30 ($1.91/Fl Oz)|$15.30$15.30 ($1.91/Fl Oz)|($1.91/Fl Oz)|FREE delivery Fri, Nov 25 on $25 of items shipped by Amazon|Only 1 left in stock - order soon.|Only 1 left in stock - order soon.",$14.50 ,"FREE delivery Nov 23 - 25|FREE delivery Fri, Nov 25 on $25 of items shipped by Amazon|",B07TC8G4BF,https://m.media-amazon.com/images/I/61cz9IADZDL._AC_UL320_.jpg
789,https://www.amazon.com/Pink-Sugar-Body-Mist-fl/dp/B08KYWZGZN/ref=sr_1_60?crid=1KZWC3SJKICKZ&keywords=body+mist&qid=1668802772&sprefix=body+mist%2Caps%2C80&sr=8-60,"Pink Sugar Body Mist for Women, Perfume and Body Spray, 8 Fl. Oz.",8 Fl Oz,4.4 out of 5 stars,"1,189",$15.00 ,"FREE delivery Fri, Nov 25 on $25 of items shipped by AmazonOr fastest delivery Sun, Nov 20|",B08KYWZGZN,https://m.media-amazon.com/images/I/619WgqnrRdL._AC_UL320_.jpg
790,https://www.amazon.com/sspa/click?ie=UTF8&spc=MTozMzg5MzkzMzYwNjEzMTE3OjE2Njg4MDI3NzI6c3Bfc2VhcmNoX3RoZW1hdGljX2J0ZjoyMDAxMDQxMTkzNjY1OTg6OjA6Og&url=%2FGood-Chemistry-Coco-Blush-Body%2Fdp%2FB0B6Q96NV2%2Fref%3Dsxbs_pa_sp_search_thematic_btf_sspa%3Fcontent-id%3Damzn1.sym.58cc9a81-ce69-447f-ae9a-f946e256a203%253Aamzn1.sym.58cc9a81-ce69-447f-ae9a-f946e256a203%26crid%3D1KZWC3SJKICKZ%26cv_ct_cx%3Dbody%2Bmist%26keywords%3Dbody%2Bmist%26pd_rd_i%3DB0B6Q96NV2%26pd_rd_r%3D68cdb5c0-f250-4dfc-9a5b-ac6e2d37c897%26pd_rd_w%3DYUcZW%26pd_rd_wg%3DjhIfe%26pf_rd_p%3D58cc9a81-ce69-447f-ae9a-f946e256a203%26pf_rd_r%3DNHVG2D3KHPP9S8H9K4YW%26qid%3D1668802772%26sprefix%3Dbody%2Bmist%252Caps%252C80%26sr%3D1-1-5434e42d-8be2-4d7d-bf67-67dd4fa72054-spons%26sp_csd%3Dd2lkZ2V0TmFtZT1zcF9zZWFyY2hfdGhlbWF0aWNfYnRm%26psc%3D1,Good Chemistry Coco Blush Body Mist,Sponsored,4.3 out of 5 stars|4.3 out of 5 stars|4.3 out of 5 stars|4.0 out of 5 stars,"160|2,723|160|90",$10.44 ,"Small Business|Small Business|Small Business|<img alt="""" src=""https://m.media-amazon.com/images/I/111mHoVK0kL._SS200_.png"" height=""50px"" width=""50px""/>  Small Business|<img alt="""" src=""https://m.media-amazon.com/images/I/111mHoVK0kL._SS200_.png"" height=""50px"" width=""50px""/>  Small Business",,https://m.media-amazon.com/images/I/61jWmCyxEUL._AC_UL320_.jpg|https://m.media-amazon.com/images/I/81hcfWPu4iL._AC_UL320_.jpg|https://m.media-amazon.com/images/I/111mHoVK0kL._SS200_.png||https://m.media-amazon.com/images/I/612GkvH5ppL._AC_UL320_.jpg|https://m.media-amazon.com/images/I/71ETYIWd2nL._AC_UL320_.jpg
791,https://www.amazon.com/sspa/click?ie=UTF8&spc=MTozMzg5MzkzMzYwNjEzMTE3OjE2Njg4MDI3NzI6c3Bfc2VhcmNoX3RoZW1hdGljX2J0ZjoyMDAxMDQxMTkzNjY1OTg6OjA6Og&url=%2FGood-Chemistry-Coco-Blush-Body%2Fdp%2FB0B6Q96NV2%2Fref%3Dsxbs_pa_sp_search_thematic_btf_sspa%3Fcontent-id%3Damzn1.sym.58cc9a81-ce69-447f-ae9a-f946e256a203%253Aamzn1.sym.58cc9a81-ce69-447f-ae9a-f946e256a203%26crid%3D1KZWC3SJKICKZ%26cv_ct_cx%3Dbody%2Bmist%26keywords%3Dbody%2Bmist%26pd_rd_i%3DB0B6Q96NV2%26pd_rd_r%3D68cdb5c0-f250-4dfc-9a5b-ac6e2d37c897%26pd_rd_w%3DYUcZW%26pd_rd_wg%3DjhIfe%26pf_rd_p%3D58cc9a81-ce69-447f-ae9a-f946e256a203%26pf_rd_r%3DNHVG2D3KHPP9S8H9K4YW%26qid%3D1668802772%26sprefix%3Dbody%2Bmist%252Caps%252C80%26sr%3D1-1-5434e42d-8be2-4d7d-bf67-67dd4fa72054-spons%26sp_csd%3Dd2lkZ2V0TmFtZT1zcF9zZWFyY2hfdGhlbWF0aWNfYnRm%26psc%3D1,Good Chemistry Coco Blush Body Mist,Sponsored,4.3 out of 5 stars,160,$10.44 ,,B0B6Q96NV2,https://m.media-amazon.com/images/I/61jWmCyxEUL._AC_UL320_.jpg
792,https://www.amazon.com/sspa/click?ie=UTF8&spc=MTozMzg5MzkzMzYwNjEzMTE3OjE2Njg4MDI3NzI6c3Bfc2VhcmNoX3RoZW1hdGljX2J0Zjo6OjE6QjA3UDVMM0I2TjpzZWFyY2g&url=%2FEgyptian-Diamond-Glitter-Hydrating-Cruelty-Free%2Fdp%2FB07P5L3B6N%2Fref%3Dsxbs_pa_sp_search_thematic_btf_sspa%3Fcontent-id%3Damzn1.sym.58cc9a81-ce69-447f-ae9a-f946e256a203%253Aamzn1.sym.58cc9a81-ce69-447f-ae9a-f946e256a203%26crid%3D1KZWC3SJKICKZ%26cv_ct_cx%3Dbody%2Bmist%26keywords%3Dbody%2Bmist%26pd_rd_i%3DB07P5L3B6N%26pd_rd_r%3D68cdb5c0-f250-4dfc-9a5b-ac6e2d37c897%26pd_rd_w%3DYUcZW%26pd_rd_wg%3DjhIfe%26pf_rd_p%3D58cc9a81-ce69-447f-ae9a-f946e256a203%26pf_rd_r%3DNHVG2D3KHPP9S8H9K4YW%26qid%3D1668802772%26sprefix%3Dbody%2Bmist%252Caps%252C80%26sr%3D1-2-5434e42d-8be2-4d7d-bf67-67dd4fa72054-spons%26sp_csd%3Dd2lkZ2V0TmFtZT1zcF9zZWFyY2hfdGhlbWF0aWNfYnRm%26psc%3D1,"EBIN NEW YORK Secret of Pharaoh Hair & Body Glitter Mist Spray, Easy to Apply, Hydrating, Cruelty-Free, Gifts for Girls, Boys, Men - Gold, 2.37 fl oz",2.37 Fl Oz (Pack of 1),4.3 out of 5 stars,"2,723",$6.99 ,"Small Business|Small Business|Small Business|<img alt="""" src=""https://m.media-amazon.com/images/I/111mHoVK0kL._SS200_.png"" height=""50px"" width=""50px""/>  Small Business|<img alt="""" src=""https://m.media-amazon.com/images/I/111mHoVK0kL._SS200_.png"" height=""50px"" width=""50px""/>  Small Business",B07P5L3B6N,https://m.media-amazon.com/images/I/81hcfWPu4iL._AC_UL320_.jpg|https://m.media-amazon.com/images/I/111mHoVK0kL._SS200_.png|
793,https://www.amazon.com/sspa/click?ie=UTF8&spc=MTozMzg5MzkzMzYwNjEzMTE3OjE2Njg4MDI3NzI6c3Bfc2VhcmNoX3RoZW1hdGljX2J0Zjo6OjI6QjBCNlFDMzRURjpzZWFyY2g&url=%2FGood-Chemistry-Cheerful-Charmer-Body%2Fdp%2FB0B6QC34TF%2Fref%3Dsxbs_pa_sp_search_thematic_btf_sspa%3Fcontent-id%3Damzn1.sym.58cc9a81-ce69-447f-ae9a-f946e256a203%253Aamzn1.sym.58cc9a81-ce69-447f-ae9a-f946e256a203%26crid%3D1KZWC3SJKICKZ%26cv_ct_cx%3Dbody%2Bmist%26keywords%3Dbody%2Bmist%26pd_rd_i%3DB0B6QC34TF%26pd_rd_r%3D68cdb5c0-f250-4dfc-9a5b-ac6e2d37c897%26pd_rd_w%3DYUcZW%26pd_rd_wg%3DjhIfe%26pf_rd_p%3D58cc9a81-ce69-447f-ae9a-f946e256a203%26pf_rd_r%3DNHVG2D3KHPP9S8H9K4YW%26qid%3D1668802772%26sprefix%3Dbody%2Bmist%252Caps%252C80%26sr%3D1-3-5434e42d-8be2-4d7d-bf67-67dd4fa72054-spons%26sp_csd%3Dd2lkZ2V0TmFtZT1zcF9zZWFyY2hfdGhlbWF0aWNfYnRm%26psc%3D1,Good Chemistry Cheerful Charmer Body Mist,5 Fl Oz (Pack of 1),4.3 out of 5 stars,160,$10.44 ,,B0B6QC34TF,https://m.media-amazon.com/images/I/612GkvH5ppL._AC_UL320_.jpg
794,https://www.amazon.com/sspa/click?ie=UTF8&spc=MTozMzg5MzkzMzYwNjEzMTE3OjE2Njg4MDI3NzI6c3Bfc2VhcmNoX3RoZW1hdGljX2J0Zjo6OjM6QjA5TkQ0U0ZYVDpzZWFyY2g&url=%2FAQUA-BLANCE-Fragrance-Cherry-Blossoms%2Fdp%2FB09ND4SFXT%2Fref%3Dsxbs_pa_sp_search_thematic_btf_sspa%3Fcontent-id%3Damzn1.sym.58cc9a81-ce69-447f-ae9a-f946e256a203%253Aamzn1.sym.58cc9a81-ce69-447f-ae9a-f946e256a203%26crid%3D1KZWC3SJKICKZ%26cv_ct_cx%3Dbody%2Bmist%26keywords%3Dbody%2Bmist%26pd_rd_i%3DB09ND4SFXT%26pd_rd_r%3D68cdb5c0-f250-4dfc-9a5b-ac6e2d37c897%26pd_rd_w%3DYUcZW%26pd_rd_wg%3DjhIfe%26pf_rd_p%3D58cc9a81-ce69-447f-ae9a-f946e256a203%26pf_rd_r%3DNHVG2D3KHPP9S8H9K4YW%26qid%3D1668802772%26sprefix%3Dbody%2Bmist%252Caps%252C80%26sr%3D1-4-5434e42d-8be2-4d7d-bf67-67dd4fa72054-spons%26sp_csd%3Dd2lkZ2V0TmFtZT1zcF9zZWFyY2hfdGhlbWF0aWNfYnRm%26psc%3D1,"AQUA BLANCE Body Spray, Fragrance Mist for Women, Pack of 3, Each 3.9 Fl Oz, Total 11.7 Fl Oz, Cherry Blossoms",1.3 Fl Oz (Pack of 3),4.0 out of 5 stars,90,$17.99 ,,B09ND4SFXT,https://m.media-amazon.com/images/I/71ETYIWd2nL._AC_UL320_.jpg
802,https://www.amazon.com/Victorias-Secret-Pink-Body-FLVIC628/dp/B07NTHV88X/ref=sr_1_1?crid=2W8W3065CCUHF&keywords=perfume&qid=1668802834&sprefix=perfume%2Caps%2C97&sr=8-1,"Victoria's Secret Pink Body Mist Warm and Cozy, 250 ml, FLVIC628",8.4 Fl Oz (Pack of 1),4.6 out of 5 stars,"3,293",$13.98 ,"FREE delivery Thu, Dec 1 on $25 of items shipped by Amazon|",B07NTHV88X,https://m.media-amazon.com/images/I/612UDhkctXL._AC_UL320_.jpg
803,https://www.amazon.com/Cheirosa-Hair-Body-Fragrance-Mist/dp/B099TWJFJL/ref=sr_1_2?crid=2W8W3065CCUHF&keywords=perfume&qid=1668802834&sprefix=perfume%2Caps%2C97&sr=8-2,SOL DE JANEIRO Body Fragrance Mist,($6.67/Fl Oz),4.6 out of 5 stars,"22,018",$20.00 ,"FREE delivery Fri, Nov 25 on $25 of items shipped by Amazon||Small Business|Small Business|Small Business|<img alt="""" src=""https://m.media-amazon.com/images/I/111mHoVK0kL._SS200_.png"" height=""50px"" width=""50px""/>  Small Business|<img alt="""" src=""https://m.media-amazon.com/images/I/111mHoVK0kL._SS200_.png"" height=""50px"" width=""50px""/>  Small Business",B099TWJFJL,https://m.media-amazon.com/images/I/51PwumHuVCS._AC_UL320_.jpg|https://m.media-amazon.com/images/I/111mHoVK0kL._SS200_.png|
804,https://www.amazon.com/Ariana-Grande-Cloud-Parfum-Spray/dp/B07JPZ95ZP/ref=sr_1_3_mod_primary_new?crid=2W8W3065CCUHF&keywords=perfume&qid=1668802834&sbo=RZvfv%2F%2FHxDF%2BO5021pAnSA%3D%3D&sprefix=perfume%2Caps%2C97&sr=8-3,"Ariana Grande Cloud Eau de Parfum Spray ,clear ,3.4 Fl oz",3.4 Fl Oz (Pack of 1),4.6 out of 5 stars,"23,400|Another way to buy|$56.29$56.29 ($16.56/Fl Oz) $64.00$64.00|$56.29$56.29 ($16.56/Fl Oz) $64.00$64.00|($16.56/Fl Oz)|FREE delivery Nov 25 - 29 Or fastest delivery Nov 22 - 23|Only 13 left in stock - order soon.|Only 13 left in stock - order soon.",$53.00 ,FREE delivery Nov 30 - Dec 5 Or fastest delivery Nov 29 - Dec 2|FREE delivery Nov 25 - 29 Or fastest delivery Nov 22 - 23,B07JPZ95ZP,https://m.media-amazon.com/images/I/51f7M2OEpxL._AC_UL320_.jpg
805,https://www.amazon.com/sspa/click?ie=UTF8&spc=MTo2NzIyMzE2MjQwMTA5NzUxOjE2Njg4MDI4MzQ6c3Bfc2VhcmNoX3RoZW1hdGljOjIwMDEwMzQxNTUxMTk5ODo6MDo6&url=%2FShakira-Dance-Toilette-ounce-Sealed%2Fdp%2FB01N94AZJC%2Fref%3Dsxin_13_pa_sp_search_thematic_sspa%3Fcontent-id%3Damzn1.sym.4e7a2229-074e-44de-95c4-9fd858f46295%253Aamzn1.sym.4e7a2229-074e-44de-95c4-9fd858f46295%26crid%3D2W8W3065CCUHF%26cv_ct_cx%3Dperfume%26keywords%3Dperfume%26pd_rd_i%3DB01N94AZJC%26pd_rd_r%3D7e3d5a3b-edfb-4447-a91a-f0d757e4abe7%26pd_rd_w%3DmnR26%26pd_rd_wg%3DzUhJp%26pf_rd_p%3D4e7a2229-074e-44de-95c4-9fd858f46295%26pf_rd_r%3D4JMEGWPBR5R3VRC0S6T1%26qid%3D1668802834%26sprefix%3Dperfume%252Caps%252C97%26sr%3D1-1-a73d1c8c-2fd2-4f19-aa41-2df022bcb241-spons%26sp_csd%3Dd2lkZ2V0TmFtZT1zcF9zZWFyY2hfdGhlbWF0aWM%26psc%3D1%26smid%3DA6ZJEB79ALLL2,"Shakira Perfume - Dance by Shakira for Women, Fruity Floral Perfume - 2.7 Fl. Oz",Sponsored | Based on star rating and number of customer ratings,4.4 out of 5 stars|4.5 out of 5 stars|4.7 out of 5 stars|4.5 out of 5 stars|4.4 out of 5 stars,"2,037|1,449|13,053|2,304|257",$12.98 ,,,https://m.media-amazon.com/images/I/51YUf7QbwiS._AC_UL320_.jpg|https://m.media-amazon.com/images/I/91LPdXsy8aL._AC_UL320_.jpg|https://m.media-amazon.com/images/I/61-Vkm2dscL._AC_UL320_.jpg|https://m.media-amazon.com/images/I/6152YHCaKKL._AC_UL320_.jpg|https://m.media-amazon.com/images/I/6161miSu+ML._AC_UL320_.jpg
806,https://www.amazon.com/sspa/click?ie=UTF8&spc=MTo2NzIyMzE2MjQwMTA5NzUxOjE2Njg4MDI4MzQ6c3Bfc2VhcmNoX3RoZW1hdGljOjIwMDEwMzQxNTUxMTk5ODo6MDo6&url=%2FShakira-Dance-Toilette-ounce-Sealed%2Fdp%2FB01N94AZJC%2Fref%3Dsxin_13_pa_sp_search_thematic_sspa%3Fcontent-id%3Damzn1.sym.4e7a2229-074e-44de-95c4-9fd858f46295%253Aamzn1.sym.4e7a2229-074e-44de-95c4-9fd858f46295%26crid%3D2W8W3065CCUHF%26cv_ct_cx%3Dperfume%26keywords%3Dperfume%26pd_rd_i%3DB01N94AZJC%26pd_rd_r%3D7e3d5a3b-edfb-4447-a91a-f0d757e4abe7%26pd_rd_w%3DmnR26%26pd_rd_wg%3DzUhJp%26pf_rd_p%3D4e7a2229-074e-44de-95c4-9fd858f46295%26pf_rd_r%3D4JMEGWPBR5R3VRC0S6T1%26qid%3D1668802834%26sprefix%3Dperfume%252Caps%252C97%26sr%3D1-1-a73d1c8c-2fd2-4f19-aa41-2df022bcb241-spons%26sp_csd%3Dd2lkZ2V0TmFtZT1zcF9zZWFyY2hfdGhlbWF0aWM%26psc%3D1%26smid%3DA6ZJEB79ALLL2,"Shakira Perfume - Dance by Shakira for Women, Fruity Floral Perfume - 2.7 Fl. Oz",2.7 Fl Oz (Pack of 1),4.4 out of 5 stars,"2,037",$12.98 ,,B01N94AZJC,https://m.media-amazon.com/images/I/51YUf7QbwiS._AC_UL320_.jpg
807,https://www.amazon.com/sspa/click?ie=UTF8&spc=MTo2NzIyMzE2MjQwMTA5NzUxOjE2Njg4MDI4MzQ6c3Bfc2VhcmNoX3RoZW1hdGljOjIwMDEwMzQxNTUxMjk5ODo6MTo6&url=%2FShakira-Perfume-Midnight-Gourmand-Perfect%2Fdp%2FB0873BV2NC%2Fref%3Dsxin_13_pa_sp_search_thematic_sspa%3Fcontent-id%3Damzn1.sym.4e7a2229-074e-44de-95c4-9fd858f46295%253Aamzn1.sym.4e7a2229-074e-44de-95c4-9fd858f46295%26crid%3D2W8W3065CCUHF%26cv_ct_cx%3Dperfume%26keywords%3Dperfume%26pd_rd_i%3DB0873BV2NC%26pd_rd_r%3D7e3d5a3b-edfb-4447-a91a-f0d757e4abe7%26pd_rd_w%3DmnR26%26pd_rd_wg%3DzUhJp%26pf_rd_p%3D4e7a2229-074e-44de-95c4-9fd858f46295%26pf_rd_r%3D4JMEGWPBR5R3VRC0S6T1%26qid%3D1668802834%26sprefix%3Dperfume%252Caps%252C97%26sr%3D1-2-a73d1c8c-2fd2-4f19-aa41-2df022bcb241-spons%26sp_csd%3Dd2lkZ2V0TmFtZT1zcF9zZWFyY2hfdGhlbWF0aWM%26psc%3D1%26smid%3DA6ZJEB79ALLL2,"Shakira Perfume - Dance Midnight by Shakira for Women, Floral Gourmand Perfume - 1.7 Fl. Oz",1.7 Fl Oz (Pack of 1),4.5 out of 5 stars,"1,449",$22.90 ,,B0873BV2NC,https://m.media-amazon.com/images/I/91LPdXsy8aL._AC_UL320_.jpg
808,https://www.amazon.com/sspa/click?ie=UTF8&spc=MTo2NzIyMzE2MjQwMTA5NzUxOjE2Njg4MDI4MzQ6c3Bfc2VhcmNoX3RoZW1hdGljOjIwMDEwNDg5NzI2MzI5ODo6Mjo6&url=%2FDelicious-Donna-Karan-Women-3-4%2Fdp%2FB000E7STLQ%2Fref%3Dsxin_13_pa_sp_search_thematic_sspa%3Fcontent-id%3Damzn1.sym.4e7a2229-074e-44de-95c4-9fd858f46295%253Aamzn1.sym.4e7a2229-074e-44de-95c4-9fd858f46295%26crid%3D2W8W3065CCUHF%26cv_ct_cx%3Dperfume%26keywords%3Dperfume%26pd_rd_i%3DB000E7STLQ%26pd_rd_r%3D7e3d5a3b-edfb-4447-a91a-f0d757e4abe7%26pd_rd_w%3DmnR26%26pd_rd_wg%3DzUhJp%26pf_rd_p%3D4e7a2229-074e-44de-95c4-9fd858f46295%26pf_rd_r%3D4JMEGWPBR5R3VRC0S6T1%26qid%3D1668802834%26sprefix%3Dperfume%252Caps%252C97%26sr%3D1-3-a73d1c8c-2fd2-4f19-aa41-2df022bcb241-spons%26sp_csd%3Dd2lkZ2V0TmFtZT1zcF9zZWFyY2hfdGhlbWF0aWM%26psc%3D1,"Be Delicious by Donna Karan for Women, 3.3 Fl Oz",3.4 Fl Oz (Pack of 1),4.7 out of 5 stars,"13,053",$45.99 ,,B000E7STLQ,https://m.media-amazon.com/images/I/61-Vkm2dscL._AC_UL320_.jpg
809,https://www.amazon.com/sspa/click?ie=UTF8&spc=MTo2NzIyMzE2MjQwMTA5NzUxOjE2Njg4MDI4MzQ6c3Bfc2VhcmNoX3RoZW1hdGljOjIwMDEwNTQ0MTQyNDI5ODo6Mzo6&url=%2FTokyoMilk-Provocative-Intoxicating-Fragrance-Experience%2Fdp%2FB004JY321C%2Fref%3Dsxin_13_pa_sp_search_thematic_sspa%3Fcontent-id%3Damzn1.sym.4e7a2229-074e-44de-95c4-9fd858f46295%253Aamzn1.sym.4e7a2229-074e-44de-95c4-9fd858f46295%26crid%3D2W8W3065CCUHF%26cv_ct_cx%3Dperfume%26keywords%3Dperfume%26pd_rd_i%3DB004JY321C%26pd_rd_r%3D7e3d5a3b-edfb-4447-a91a-f0d757e4abe7%26pd_rd_w%3DmnR26%26pd_rd_wg%3DzUhJp%26pf_rd_p%3D4e7a2229-074e-44de-95c4-9fd858f46295%26pf_rd_r%3D4JMEGWPBR5R3VRC0S6T1%26qid%3D1668802834%26sprefix%3Dperfume%252Caps%252C97%26sr%3D1-4-a73d1c8c-2fd2-4f19-aa41-2df022bcb241-spons%26sp_csd%3Dd2lkZ2V0TmFtZT1zcF9zZWFyY2hfdGhlbWF0aWM%26psc%3D1,"TokyoMilk Dark Eau de Parfum | Daring, Provocative Perfume | Intoxicating, Alluring Fragrance Notes Form a Unique, Sensory Experience",1.6 Fl Oz (Pack of 1),4.5 out of 5 stars,"2,304",$48.00 ,,B004JY321C,https://m.media-amazon.com/images/I/6152YHCaKKL._AC_UL320_.jpg
810,https://www.amazon.com/sspa/click?ie=UTF8&spc=MTo2NzIyMzE2MjQwMTA5NzUxOjE2Njg4MDI4MzQ6c3Bfc2VhcmNoX3RoZW1hdGljOjIwMDEwNTQ0MTQyNDE5ODo6NDo6&url=%2FTokyoMilk-Decadently-Sophisticated-Mysterious-Brilliantly%2Fdp%2FB002S56Y0U%2Fref%3Dsxin_13_pa_sp_search_thematic_sspa%3Fcontent-id%3Damzn1.sym.4e7a2229-074e-44de-95c4-9fd858f46295%253Aamzn1.sym.4e7a2229-074e-44de-95c4-9fd858f46295%26crid%3D2W8W3065CCUHF%26cv_ct_cx%3Dperfume%26keywords%3Dperfume%26pd_rd_i%3DB002S56Y0U%26pd_rd_r%3D7e3d5a3b-edfb-4447-a91a-f0d757e4abe7%26pd_rd_w%3DmnR26%26pd_rd_wg%3DzUhJp%26pf_rd_p%3D4e7a2229-074e-44de-95c4-9fd858f46295%26pf_rd_r%3D4JMEGWPBR5R3VRC0S6T1%26qid%3D1668802834%26sprefix%3Dperfume%252Caps%252C97%26sr%3D1-5-a73d1c8c-2fd2-4f19-aa41-2df022bcb241-spons%26sp_csd%3Dd2lkZ2V0TmFtZT1zcF9zZWFyY2hfdGhlbWF0aWM%26psc%3D1,"TokyoMilk Kabuki Eau de Parfum | A Decadently Different, Sophisticated, & Mysterious Perfume | Features Brilliantly Paired Fragrance Notes | 1 fl oz/29.5 ml",1 Fl Oz (Pack of 1),4.4 out of 5 stars,257,$48.00 ,,B002S56Y0U,https://m.media-amazon.com/images/I/6161miSu+ML._AC_UL320_.jpg
811,https://aax-us-iad.amazon.com/x/c/REICxSZnct6PeDWehTIs4P8AAAGEjGZxQgEAAAH2AQBOL0EgICAgICAgICAgICBOL0EgICAgICAgICAgICBYW_U8/https://www.amazon.com/dp/B07SX3C2C5?pd_rd_i=B07SX3C2C5&pf_rd_p=b000e0a0-9e93-480f-bf78-a83c8136dfcb&pf_rd_r=4JMEGWPBR5R3VRC0S6T1&pd_rd_wg=zUhJp&pd_rd_w=R4uiU&pd_rd_r=7e3d5a3b-edfb-4447-a91a-f0d757e4abe7,"Portable Mini Refillable Perfume Atomizer Bottle，Atomizer Perfume Bottle,Refillable Perfume Spray, Scent Pump Case, Perfume Atomizer Refillable Travel 4 Pcs Pack of 5ml",Sponsored,4.4 out of 5 stars,"16,504",$8.99 ,"FREE delivery Fri, Nov 25 on $25 of items shipped by AmazonOr fastest delivery Sun, Nov 20|",,
814,https://www.amazon.com/No-Creme-Vanille-Eau-Parfum/dp/B07VXB8CJ7/ref=sr_1_4?crid=2W8W3065CCUHF&keywords=perfume&qid=1668802834&sprefix=perfume%2Caps%2C97&sr=8-4,Le Monde Gourmand Crème Vanille Eau de Parfum - 1 fl oz | 30 ml,1 Fl Oz,4.3 out of 5 stars,"1,280",$25.00 ,"FREE delivery Fri, Nov 25 Or fastest delivery Tue, Nov 22||Small Business|Small Business|Small Business|<img alt="""" src=""https://m.media-amazon.com/images/I/111mHoVK0kL._SS200_.png"" height=""50px"" width=""50px""/>  Small Business|<img alt="""" src=""https://m.media-amazon.com/images/I/111mHoVK0kL._SS200_.png"" height=""50px"" width=""50px""/>  Small Business",B07VXB8CJ7,https://m.media-amazon.com/images/I/51A4OQ-MgML._AC_UL320_.jpg|https://m.media-amazon.com/images/I/111mHoVK0kL._SS200_.png|
815,https://www.amazon.com/Cheirosa-Hair-Body-Fragrance-Mist/dp/B08K3QF1YN/ref=sr_1_5?crid=2W8W3065CCUHF&keywords=perfume&qid=1668802834&sprefix=perfume%2Caps%2C97&sr=8-5,SOL DE JANEIRO Body Fragrance Mist,($6.67/Fl Oz),4.6 out of 5 stars,"22,018",$20.00 ,"FREE delivery Fri, Nov 25 on $25 of items shipped by AmazonOr fastest delivery Tue, Nov 22||Small Business|Small Business|Small Business|<img alt="""" src=""https://m.media-amazon.com/images/I/111mHoVK0kL._SS200_.png"" height=""50px"" width=""50px""/>  Small Business|<img alt="""" src=""https://m.media-amazon.com/images/I/111mHoVK0kL._SS200_.png"" height=""50px"" width=""50px""/>  Small Business",B08K3QF1YN,https://m.media-amazon.com/images/I/71qVreCviXL._AC_UL320_.jpg|https://m.media-amazon.com/images/I/111mHoVK0kL._SS200_.png|
816,https://www.amazon.com/Dolce-Gabbana-Toilettes-Spray-Light/dp/B002E0RZ2K/ref=sr_1_6?crid=2W8W3065CCUHF&keywords=perfume&qid=1668802834&sprefix=perfume%2Caps%2C97&sr=8-6,"Dolce & Gabbana Eau de Toilettes Spray, Light Blue, 0.84 Fluid Ounce",0.84 Fl Oz (Pack of 1),4.7 out of 5 stars,"8,344",$29.71 ,"FREE delivery Fri, Nov 25 Or fastest delivery Wed, Nov 23|",B002E0RZ2K,https://m.media-amazon.com/images/I/411n-nw7EwL._AC_UL320_.jpg
817,https://www.amazon.com/Vera-Wang-Princess-Women-Ounce/dp/B000JL7WQK/ref=sr_1_7?crid=2W8W3065CCUHF&keywords=perfume&qid=1668802834&sprefix=perfume%2Caps%2C97&sr=8-7,"Vera Wang Princess Eau de Toilette Spray for Women, 3.4 Fl Ounce",3.4 Fl Oz,4.5 out of 5 stars,"44,605",$23.98 ,"FREE delivery Fri, Nov 25 on $25 of items shipped by AmazonOr fastest delivery Sun, Nov 20|",B000JL7WQK,https://m.media-amazon.com/images/I/613kZQDWz6L._AC_UL320_.jpg
818,https://www.amazon.com/Bombshell-Fragrance-Lotion-Victorian-Secret/dp/B07JL7YGC7/ref=sr_1_8?crid=2W8W3065CCUHF&keywords=perfume&qid=1668802834&sprefix=perfume%2Caps%2C97&sr=8-8,Victoria's Secret Bombshell Fine Fragrance 8.4oz Mist,8.4 Fl Oz (Pack of 1),4.6 out of 5 stars,"6,877",$23.00 ,"FREE delivery Fri, Nov 25 on $25 of items shipped by Amazon|",B07JL7YGC7,https://m.media-amazon.com/images/I/61eboSEL0lL._AC_UL320_.jpg
819,https://www.amazon.com/Marc-Jacobs-Daisy-Toilette-Spray/dp/9790789203/ref=sr_1_9?crid=2W8W3065CCUHF&keywords=perfume&qid=1668802834&sprefix=perfume%2Caps%2C97&sr=8-9,"Marc Jacobs Daisy Eau de Toilette Spray, 3.3 Fl. Oz",3.3 Fl Oz (Pack of 1),4.7 out of 5 stars,"5,417",$71.99 ,"FREE delivery Fri, Nov 25 Or fastest delivery Tue, Nov 22|",9790789203,https://m.media-amazon.com/images/I/51H3YgV4SmL._AC_UL320_.jpg
820,https://www.amazon.com/SWISS-ARABIAN-Layali-Rouge-Addictive/dp/B07NJJZK3W/ref=sr_1_10?crid=2W8W3065CCUHF&keywords=perfume&qid=1668802834&sprefix=perfume%2Caps%2C97&sr=8-10,"SWISS ARABIAN Layali Rouge For Women - Floral, Fruity Gourmand Concentrated Perfume Oil - Luxury Fragrance From Dubai - Long Lasting Artisan Perfume With Notes Of Papaya, Peach, And Coconut - 0.5 Oz",0.51 Fl Oz (Pack of 1),4.3 out of 5 stars,"1,340",$20.00 ,"FREE delivery Fri, Nov 25 on $25 of items shipped by AmazonOr fastest delivery Sun, Nov 20|",B07NJJZK3W,https://m.media-amazon.com/images/I/815qH0vc43L._AC_UL320_.jpg
821,https://www.amazon.com/Victorias-Secret-Fragrance-Mist-Vanilla/dp/B07JRG42D9/ref=sr_1_11?crid=2W8W3065CCUHF&keywords=perfume&qid=1668802834&sprefix=perfume%2Caps%2C97&sr=8-11,Victoria's Secret Bare Vanilla 8.4oz Mist,8.4 Fl Oz (Pack of 1),4.6 out of 5 stars,"23,786",$17.99 ,FREE delivery Nov 23 - 25,B07JRG42D9,https://m.media-amazon.com/images/I/61Nf-wYM-oL._AC_UL320_.jpg
822,https://www.amazon.com/Eau-Juice-Sugar-Floral-Fruity/dp/B097CKLSTH/ref=sr_1_12?crid=2W8W3065CCUHF&keywords=perfume&qid=1668802834&sprefix=perfume%2Caps%2C97&sr=8-12,"Eau De Juice Pure Sugar EDP Spray, Floral Fruity, 1.7 Oz",1.7 Fl Oz (Pack of 1),4.4 out of 5 stars,557,$24.98 ,"FREE delivery Fri, Nov 25 on $25 of items shipped by AmazonOr fastest delivery Sun, Nov 20|",B097CKLSTH,https://m.media-amazon.com/images/I/61k86sy7BQS._AC_UL320_.jpg
823,https://www.amazon.com/Versace-Crystal-Noir-Women-Ounce/dp/B000GIL1UE/ref=sr_1_13?crid=2W8W3065CCUHF&keywords=perfume&qid=1668802834&sprefix=perfume%2Caps%2C97&sr=8-13,Versace Crystal Noir by Versace for Women - 3 Fl Oz EDT Spray,3 Fl Oz (Pack of 1),4.6 out of 5 stars,"3,361",$51.92 ,"FREE delivery Thu, Dec 1|",B000GIL1UE,https://m.media-amazon.com/images/I/61DmOOnOp7L._AC_UL320_.jpg
824,https://www.amazon.com/Ariana-Grande-Sweet-Candy-Parfum/dp/B01JSH53PC/ref=sr_1_14?crid=2W8W3065CCUHF&keywords=perfume&qid=1668802834&sprefix=perfume%2Caps%2C97&sr=8-14,"Ariana Grande Sweet Like Candy Eau de Parfum, 3.4 Ounce",3.4 Fl Oz (Pack of 1),4.7 out of 5 stars,"12,130",$39.33 ,"FREE delivery Fri, Nov 25 Or fastest delivery Sun, Nov 20|",B01JSH53PC,https://m.media-amazon.com/images/I/41VIkN0BOML._AC_UL320_.jpg
825,https://www.amazon.com/Bath-Multi-Piece-Gift-Set/dp/B09RC6KR99/ref=sr_1_15?crid=2W8W3065CCUHF&keywords=perfume&qid=1668802834&sprefix=perfume%2Caps%2C97&sr=8-15,Mini Perfumes for Women Perfume Gift Set - 5 Pack Assorted Floral Aroma Women's Fragrances Perfume Set - 10ml Large Bottle Samples of Eau de Toilette Parfum - Womens Perfume Sampler Sets for Birthday,($0.30/Count),3.9 out of 5 stars,14,$29.99 ,"FREE delivery Fri, Nov 25 Or fastest delivery Sun, Nov 20||Small Business|Small Business|Small Business|<img alt="""" src=""https://m.media-amazon.com/images/I/111mHoVK0kL._SS200_.png"" height=""50px"" width=""50px""/>  Small Business|<img alt="""" src=""https://m.media-amazon.com/images/I/111mHoVK0kL._SS200_.png"" height=""50px"" width=""50px""/>  Small Business",B09RC6KR99,https://m.media-amazon.com/images/I/919LhcuGR+L._AC_UL320_.jpg|https://m.media-amazon.com/images/I/111mHoVK0kL._SS200_.png|
826,https://www.amazon.com/Libre-Yves-Saint-Laurent-Parfum/dp/B07X55R8LL/ref=sr_1_16?crid=2W8W3065CCUHF&keywords=perfume&qid=1668802834&sprefix=perfume%2Caps%2C97&sr=8-16,Libre by Yves Saint Laurent Eau De Parfum 1.0 oz/ 30 ml,1 Fl Oz (Pack of 1),4.8 out of 5 stars,592,$59.85 ,"FREE delivery Fri, Nov 25 Or fastest delivery Tue, Nov 22|",B07X55R8LL,https://m.media-amazon.com/images/I/41IZhKtfDHL._AC_UL320_.jpg
827,https://www.amazon.com/Dolly-Parton-Tennessee-Sunset-Beauty/dp/B09KVK4KLS/ref=sr_1_17?crid=2W8W3065CCUHF&keywords=perfume&qid=1668802834&sprefix=perfume%2Caps%2C97&sr=8-17,Dolly Parton Body Mist by Scent Beauty - Perfume for Women - 8.0 Fl Oz - Tennessee Sunset,8 Fl Oz (Pack of 1),4.4 out of 5 stars,"1,067",$9.99 ,"FREE delivery Fri, Nov 25 on $25 of items shipped by AmazonOr fastest delivery Tue, Nov 22|",B09KVK4KLS,https://m.media-amazon.com/images/I/61a2JYOVPjL._AC_UL320_.jpg
828,https://www.amazon.com/GUESS-Womens-1981-Eau-Toilette/dp/B01N3AL6P8/ref=sr_1_18?crid=2W8W3065CCUHF&keywords=perfume&qid=1668802834&sprefix=perfume%2Caps%2C97&sr=8-18,"Guess 1981 Eau De Toilette Perfume Spray for Women, 3.4 Fl. Oz.",3.4 Fl Oz (Pack of 1),4.4 out of 5 stars,"4,047",$21.78 ,"FREE delivery Fri, Nov 25 on $25 of items shipped by AmazonOr fastest delivery Wed, Nov 23|",B01N3AL6P8,https://m.media-amazon.com/images/I/61Xv4lrqk8L._AC_UL320_.jpg
829,https://www.amazon.com/Lanc%C3%B4me-Belle-Parfum-Spray-Ounce/dp/B00I7PK3GQ/ref=sr_1_19?crid=2W8W3065CCUHF&keywords=perfume&qid=1668802834&sprefix=perfume%2Caps%2C97&sr=8-19,"Lancôme La Vie Est Belle L'Eau de Parfum Spray, 3.4 FL OZ",3.4 Fl Oz (Pack of 1),4.8 out of 5 stars,"10,729",$94.99 ,"FREE delivery Fri, Nov 25 Or fastest delivery Wed, Nov 23|",B00I7PK3GQ,https://m.media-amazon.com/images/I/51ArsfYDUQL._AC_UL320_.jpg
830,https://www.amazon.com/Dolce-Gabbana-Women-Parfum-1-Ounce/dp/B0017JRFN8/ref=sr_1_20?crid=2W8W3065CCUHF&keywords=perfume&qid=1668802834&sprefix=perfume%2Caps%2C97&sr=8-20,Dolce & Gabbana The One For Women. Eau De Parfum Spray 1-Ounce,1 Fl Oz (Pack of 1),4.7 out of 5 stars,"5,319",$34.50 ,"FREE delivery Fri, Nov 25 Or fastest delivery Sun, Nov 20|",B0017JRFN8,https://m.media-amazon.com/images/I/51YXy-L9pPL._AC_UL320_.jpg
831,https://www.amazon.com/Glow-Jennifer-Lopez-Women-Ounce/dp/B00021DC70/ref=sr_1_21?crid=2W8W3065CCUHF&keywords=perfume&qid=1668802834&sprefix=perfume%2Caps%2C97&sr=8-21,Glow by Jennifer Lopez for Women 3.4 Ounce,3.38 Fl Oz (Pack of 1),4.5 out of 5 stars,"12,181",$24.53 ,"FREE delivery Fri, Nov 25 on $25 of items shipped by AmazonOr fastest delivery Wed, Nov 23||Small Business|Small Business|Small Business|<img alt="""" src=""https://m.media-amazon.com/images/I/111mHoVK0kL._SS200_.png"" height=""50px"" width=""50px""/>  Small Business|<img alt="""" src=""https://m.media-amazon.com/images/I/111mHoVK0kL._SS200_.png"" height=""50px"" width=""50px""/>  Small Business",B00021DC70,https://m.media-amazon.com/images/I/51jRwxO8psL._AC_UL320_.jpg|https://m.media-amazon.com/images/I/111mHoVK0kL._SS200_.png|
832,https://www.amazon.com/JAdore-Women-Parfume-Christian-Dior/dp/B00017XYNM/ref=sr_1_22?crid=2W8W3065CCUHF&keywords=perfume&qid=1668802834&sprefix=perfume%2Caps%2C97&sr=8-22,"J'Adore Women Eau De Parfume Spray by Christian Dior, 1.7 Ounce",1.7 Fl Oz (Pack of 1),4.6 out of 5 stars,"6,080",$57.00 ,"FREE delivery Nov 28 - 29 Or fastest delivery Fri, Nov 25",B00017XYNM,https://m.media-amazon.com/images/I/51tugXqci-L._AC_UL320_.jpg
833,https://www.amazon.com/Lovely-SJP-Spray-Women-Ultra-Glamorous/dp/B000C1ZDTU/ref=sr_1_23?crid=2W8W3065CCUHF&keywords=perfume&qid=1668802834&sprefix=perfume%2Caps%2C97&sr=8-23,"Lovely by SJP - Sweet, Floral, Musky Amber Woody Eau De Parfum Spray Fragrance for Women - With Notes of Mandarin, Bergamot, Apple, and Cedarwood - Intense, Long Lasting Scent - 3.4 oz",3.4 Fl Oz (Pack of 1),4.4 out of 5 stars,"6,288",$23.52 ,"FREE delivery Thu, Dec 1 on $25 of items shipped by Amazon|",B000C1ZDTU,https://m.media-amazon.com/images/I/71NUpnk2vyL._AC_UL320_.jpg
834,https://www.amazon.com/Versace-Bright-Crystal-Toilette-17-Ounce/dp/B0017JT658/ref=sr_1_24?crid=2W8W3065CCUHF&keywords=perfume&qid=1668802834&sprefix=perfume%2Caps%2C97&sr=8-24,Versace Bright Crystal By Gianni Versace For Women. Eau De Toilette 0.17 Fl Oz Mini,0.17 Fl Oz (Pack of 1),4.4 out of 5 stars,"14,921",$9.89 ,FREE delivery on $25 shipped by Amazon.,B0017JT658,https://m.media-amazon.com/images/I/51Mu5QJ-BjL._AC_UL320_.jpg
835,https://www.amazon.com/Lucky-Brand-Women-Toilette-Spray/dp/B0009OAHRI/ref=sr_1_25?crid=2W8W3065CCUHF&keywords=perfume&qid=1668802834&sprefix=perfume%2Caps%2C97&sr=8-25,"Women's Perfume Fragrance by Lucky You, Eau de Toilette Spray, Day or Night with Fresh Flower Citrus Scent, 3.4 Fl Oz",3.4 Fl Oz (Pack of 1),4.6 out of 5 stars,"12,514",,,B0009OAHRI,https://m.media-amazon.com/images/I/71ATHl2LT7L._AC_UL320_.jpg
836,https://www.amazon.com/Ariana-Grande-Parfum-Spray-Women/dp/B015GEQQFW/ref=sr_1_26?crid=2W8W3065CCUHF&keywords=perfume&qid=1668802834&sprefix=perfume%2Caps%2C97&sr=8-26,"Ariana Grande Ari Eau de Parfum Spray for Women, 3.4 Fl Oz (Pack of 1)",3.4 Fl Oz (Pack of 1),4.7 out of 5 stars,"14,811",$39.58 ,"FREE delivery Fri, Nov 25 Or fastest delivery Sun, Nov 20|",B015GEQQFW,https://m.media-amazon.com/images/I/81Qu0Kq05NL._AC_UL320_.jpg
837,https://www.amazon.com/Mademoiselle-Parfum-Perfume-Sample-Fragrance/dp/B01JV8ROBE/ref=sr_1_27?crid=2W8W3065CCUHF&keywords=perfume&qid=1668802834&sprefix=perfume%2Caps%2C97&sr=8-27,Coco Mademoiselle Eau De Parfum Perfume Sample Vial Travel 1.5 Ml/0.05 Oz by Paris Fragrance,0.05 Fl Oz (Pack of 1),4.1 out of 5 stars,"3,399",$16.95 ,FREE delivery Nov 23 - 29,B01JV8ROBE,https://m.media-amazon.com/images/I/813kR8jRLeL._AC_UL320_.jpg
838,https://www.amazon.com/Pacifica-Wanderlust-Featuring-Fragrance-Essential/dp/B09QRQNPLY/ref=sr_1_28?crid=2W8W3065CCUHF&keywords=perfume&qid=1668802834&sprefix=perfume%2Caps%2C97&sr=8-28,Pacifica Beauty | Wanderlust Spray Perfume Trial Set | Featuring Island Vanilla Mini | 5 Scents | Fragrance Sampler Gift Set | Natural + Essential Oils | Clean Fragrance | Vegan + Cruelty Free,1 Fl Oz (Pack of 1),4.3 out of 5 stars,"12,490",$14.99 ,"FREE delivery Fri, Nov 25 on $25 of items shipped by AmazonOr fastest delivery Sun, Nov 20|",B09QRQNPLY,https://m.media-amazon.com/images/I/81M7QkVJFNL._AC_UL320_.jpg
839,https://www.amazon.com/Collection-Women-Mini-Gift-Set/dp/B08T7V2TXV/ref=sr_1_29_mod_primary_new?crid=2W8W3065CCUHF&keywords=perfume&qid=1668802834&sbo=RZvfv%2F%2FHxDF%2BO5021pAnSA%3D%3D&sprefix=perfume%2Caps%2C97&sr=8-29,Dolce and Gabbana Travel Exclusive Collection Women 5 Pc Gift Set,5 Piece Set,4.3 out of 5 stars,"416|Another way to buy|$60.02$60.02 ($12.00/Count)|$60.02$60.02 ($12.00/Count)|($12.00/Count)|FREE delivery Fri, Nov 25 Or fastest delivery Tue, Nov 22",$57.22 ,"FREE delivery Nov 25 - 29 Or fastest delivery Nov 22 - 25|FREE delivery Fri, Nov 25 Or fastest delivery Tue, Nov 22|",B08T7V2TXV,https://m.media-amazon.com/images/I/514a7pjxTHL._AC_UL320_.jpg
840,https://www.amazon.com/Perfume-Story-Murderer-Vintage-International-ebook/dp/B00JTCJE52/ref=sr_1_30?crid=2W8W3065CCUHF&keywords=perfume&qid=1668802834&sprefix=perfume%2Caps%2C97&sr=8-30,Perfume: The Story of a Murderer (Vintage International),by Patrick Suskind  and John E. Woods,4.4 out of 5 stars,"4,952|Other formats:|Audible Audiobook|,|Hardcover|,|Paperback|,|Audio CD",$9.99 ,Available instantly,B00JTCJE52,https://m.media-amazon.com/images/I/81WtOHSskbL._AC_UL320_.jpg
841,https://www.amazon.com/Perfume-Story-Murderer-Ben-Whishaw/dp/B009NNG202/ref=sr_1_31?crid=2W8W3065CCUHF&keywords=perfume&qid=1668802834&sprefix=perfume%2Caps%2C97&sr=8-31,Perfume: The Story of a Murderer,2007,4.6 out of 5 stars,"3,168",$2.99 ,,B009NNG202,https://m.media-amazon.com/images/I/81VGrHnBddL._AC_UL320_.jpg
842,https://www.amazon.com/Pure-Instinct-Pheromone-Bodycare-BeautyCare/dp/B00EJDG7XI/ref=sr_1_32?crid=2W8W3065CCUHF&keywords=perfume&qid=1668802834&sprefix=perfume%2Caps%2C97&sr=8-32,Pure Instinct Roll-On - The Original Pheromone Infused Essential Oil Perfume Cologne - Unisex For Men and Women - TSA Ready,0.34 Fl Oz (Pack of 1),3.9 out of 5 stars,"64,371",$16.95 ,"FREE delivery Fri, Nov 25 on $25 of items shipped by AmazonOr fastest delivery Sun, Nov 20||Small Business|Small Business|Small Business|<img alt="""" src=""https://m.media-amazon.com/images/I/111mHoVK0kL._SS200_.png"" height=""50px"" width=""50px""/>  Small Business|<img alt="""" src=""https://m.media-amazon.com/images/I/111mHoVK0kL._SS200_.png"" height=""50px"" width=""50px""/>  Small Business",B00EJDG7XI,https://m.media-amazon.com/images/I/716rEXN4htL._AC_UL320_.jpg|https://m.media-amazon.com/images/I/111mHoVK0kL._SS200_.png|
843,https://www.amazon.com/Pink-Parfum-Womens-Perfume-Spray/dp/B0BM4YT6D6/ref=sr_1_33?crid=2W8W3065CCUHF&keywords=perfume&qid=1668802834&sprefix=perfume%2Caps%2C97&sr=8-33,Rue 21 Pink Ice Eau De Parfum Women's Perfume Spray - 1.7 fl oz (50 ml),1.7 Fl Oz (Pack of 1),,,$21.99 ,"FREE delivery Fri, Nov 25 on $25 of items shipped by AmazonOr fastest delivery Tue, Nov 22|",B0BM4YT6D6,https://m.media-amazon.com/images/I/71uq4PesMNL._AC_UL320_.jpg
844,https://www.amazon.com/Vera-Wang-Embrace-Spray-Blossom/dp/B06XQXG52M/ref=sr_1_34?crid=2W8W3065CCUHF&keywords=perfume&qid=1668802834&sprefix=perfume%2Caps%2C97&sr=8-34,"Vera Wang Embrace Body Mist Spray for Women, Green Tea & Pear Blossom, 8 Fl Oz",8 Fl Oz (Pack of 1),4.3 out of 5 stars,"16,251",$6.64 ,"FREE delivery Fri, Nov 25 on $25 of items shipped by AmazonOr fastest delivery Tue, Nov 22|",B06XQXG52M,https://m.media-amazon.com/images/I/31jRq0IxonL._AC_UL320_.jpg
845,https://www.amazon.com/Refillable-Atomizer-Container-Fragrance-Traveling/dp/B09NXVJ25C/ref=sr_1_35?crid=2W8W3065CCUHF&keywords=perfume&qid=1668802834&sprefix=perfume%2Caps%2C97&sr=8-35,"Travel Mini Perfume Refillable Atomizer Container, Portable Perfume Spray Bottle, Travel Size Bottle, Scent Pump Case, Perfume Fragrance Empty Spray Bottle for Traveling and Outgoing 5ml (2Pcs)","FREE delivery Fri, Nov 25 on $25 of items shipped by AmazonOr fastest delivery Sun, Nov 20",4.4 out of 5 stars,912,$5.99 ,"FREE delivery Fri, Nov 25 on $25 of items shipped by AmazonOr fastest delivery Sun, Nov 20|",B09NXVJ25C,https://m.media-amazon.com/images/I/51kfbGJZM4L._AC_UL320_.jpg
846,https://www.amazon.com/Happy-Clinique-Women-Parfum-Ounces/dp/B00027C8Q0/ref=sr_1_36?crid=2W8W3065CCUHF&keywords=perfume&qid=1668802834&sprefix=perfume%2Caps%2C97&sr=8-36,Happy Heart By Clinique For Women. Parfum Spray 3.4 Ounces,3.4 Fl Oz (Pack of 1),4.7 out of 5 stars,"4,248",$52.57 ,"FREE delivery Fri, Nov 25 Or fastest delivery Sun, Nov 20|",B00027C8Q0,https://m.media-amazon.com/images/I/41PvFTfnRGL._AC_UL320_.jpg
847,https://www.amazon.com/Black-Parfum-Womens-Perfume-Spray/dp/B0BM5B8F3Y/ref=sr_1_37?crid=2W8W3065CCUHF&keywords=perfume&qid=1668802834&sprefix=perfume%2Caps%2C97&sr=8-37,21 Black by Rue 21 Eau De Parfum Women's Perfume Spray - 1.7 fl oz (50 ml),1.7 Fl Oz (Pack of 1),,,$21.99 ,FREE delivery on $25 shipped by Amazon.,B0BM5B8F3Y,https://m.media-amazon.com/images/I/81k9tGPClLL._AC_UL320_.jpg
848,https://www.amazon.com/Vera-Wang-Parfum-Spray-Ounces/dp/B000E7WHCI/ref=sr_1_38?crid=2W8W3065CCUHF&keywords=perfume&qid=1668802834&sprefix=perfume%2Caps%2C97&sr=8-38,"Vera Wang Eau de Parfum for Women - Delicate, Floral Scent - Notes of Iris, Lillies, & Sandalwood - Feminine & Subtle - 3.4 Fl Oz",3.4 Fl Oz (Pack of 1),4.5 out of 5 stars,"8,330",$27.00 ,"FREE delivery Fri, Nov 25 Or fastest delivery Tue, Nov 22|",B000E7WHCI,https://m.media-amazon.com/images/I/51yZCKJYxlL._AC_UL320_.jpg
849,https://www.amazon.com/Coach-POPPY-Eau-Parfum-fl/dp/B07WW5LTFZ/ref=sr_1_39?crid=2W8W3065CCUHF&keywords=perfume&qid=1668802834&sprefix=perfume%2Caps%2C97&sr=8-39,Coach POPPY Eau de Parfum,1 Fl Oz (Pack of 1),4.7 out of 5 stars,"2,654",$34.99 ,"FREE delivery Fri, Nov 25 Or fastest delivery Tue, Nov 22|",B07WW5LTFZ,https://m.media-amazon.com/images/I/61dJ839L2eL._AC_UL320_.jpg
850,https://www.amazon.com/Yellowstone-Tornado-Perfume-Tru-Confident/dp/B0BH6VH7FC/ref=sr_1_40?crid=2W8W3065CCUHF&keywords=perfume&qid=1668802834&sprefix=perfume%2Caps%2C97&sr=8-40,"Yellowstone Tornado Women's Perfume by Tru Western, 1.7 fl oz (50 ml) -  Rich, Confident, Sensual",1.7 Fl Oz (Pack of 1),4.0 out of 5 stars,33,$50.40 ,"FREE delivery Fri, Nov 25 Or fastest delivery Sun, Nov 20||Small Business|Small Business|Small Business|<img alt="""" src=""https://m.media-amazon.com/images/I/111mHoVK0kL._SS200_.png"" height=""50px"" width=""50px""/>  Small Business|<img alt="""" src=""https://m.media-amazon.com/images/I/111mHoVK0kL._SS200_.png"" height=""50px"" width=""50px""/>  Small Business",B0BH6VH7FC,https://m.media-amazon.com/images/I/513YCiPfdFL._AC_UL320_.jpg|https://m.media-amazon.com/images/I/111mHoVK0kL._SS200_.png|
851,https://www.amazon.com/Marc-Jacobs-Perfect-Parfum-Spray/dp/B08GPD7RRV/ref=sr_1_41_mod_primary_new?crid=2W8W3065CCUHF&keywords=perfume&qid=1668802834&sbo=RZvfv%2F%2FHxDF%2BO5021pAnSA%3D%3D&sprefix=perfume%2Caps%2C97&sr=8-41,Marc Jacobs Perfect Women 1.6 oz EDP Spray,1.6 Fl Oz (Pack of 1),4.7 out of 5 stars,"470|Another way to buy|$86.42$86.42 ($54.01/Ounce) $96.00$96.00|$86.42$86.42 ($54.01/Ounce) $96.00$96.00|($54.01/Ounce)|FREE delivery Fri, Nov 25",$79.94 ,"FREE delivery Nov 25 - 29 Or fastest delivery Nov 22 - 25|FREE delivery Fri, Nov 25|",B08GPD7RRV,https://m.media-amazon.com/images/I/81QKsLJGH-L._AC_UL320_.jpg
852,https://www.amazon.com/Pacifica-Beauty-Island-Vanilla-Perfumed/dp/B072KXYGT2/ref=sr_1_42?crid=2W8W3065CCUHF&keywords=perfume&qid=1668802834&sprefix=perfume%2Caps%2C97&sr=8-42,"Pacifica Beauty, Island Vanilla Hair Perfume & Body Mist, Best Warm Vanilla Scent, Natural + Essential Oils, Alcohol Free, 100% Vegan and Cruelty Free, Clean Fragrance",6 Fl Oz (Pack of 1),4.2 out of 5 stars,"12,947",$11.99 ,"FREE delivery Fri, Nov 25 on $25 of items shipped by AmazonOr fastest delivery Sun, Nov 20|",B072KXYGT2,https://m.media-amazon.com/images/I/61EO1bNvDeL._AC_UL320_.jpg
853,https://www.amazon.com/Marc-Jacobs-Daisy-Dream-Toilette/dp/B00MRR0YJQ/ref=sr_1_43?crid=2W8W3065CCUHF&keywords=perfume&qid=1668802834&sprefix=perfume%2Caps%2C97&sr=8-43,"Marc Jacobs Daisy Dream Eau de Toilette Spray for Women, 3.4 Fl Oz",3.4 Fl Oz (Pack of 1),4.7 out of 5 stars,"3,473",$69.99 ,"FREE delivery Thu, Dec 1|",B00MRR0YJQ,https://m.media-amazon.com/images/I/61FgwkKJ58L._AC_UL320_.jpg
854,https://www.amazon.com/Versace-BRIGHT-CRYSTAL-1-0-Women/dp/B001RVOQ2E/ref=sr_1_44?crid=2W8W3065CCUHF&keywords=perfume&qid=1668802834&sprefix=perfume%2Caps%2C97&sr=8-44,Versace BRIGHT CRYSTAL 1.0 oz EDT Women New in Box white,1 Fl Oz (Pack of 1),4.7 out of 5 stars,"14,321",$37.00 ,"FREE delivery Nov 23 - 25 Or fastest delivery Wed, Nov 23",B001RVOQ2E,https://m.media-amazon.com/images/I/51oVuzv-HcL._AC_UL320_.jpg
855,https://www.amazon.com/Juliette-Has-Gun-Perfume-Parfum/dp/B07B3XQZ42/ref=sr_1_45?crid=2W8W3065CCUHF&keywords=perfume&qid=1668802834&sprefix=perfume%2Caps%2C97&sr=8-45,Juliette Has a Gun Not A Perfume Eau de Parfum Spray,0.25 Fl Oz (Pack of 1),4.6 out of 5 stars,"5,812",$30.00 ,"FREE delivery Fri, Nov 25 Or fastest delivery Tue, Nov 22|",B07B3XQZ42,https://m.media-amazon.com/images/I/31o8eHCOhNL._AC_UL320_.jpg
856,https://www.amazon.com/Elizabeth-Taylor-White-Diamonds-Fluid/dp/B0009OAI8Q/ref=sr_1_46?crid=2W8W3065CCUHF&keywords=perfume&qid=1668802834&sprefix=perfume%2Caps%2C97&sr=8-46,"Women's Perfume by Elizabeth Taylor, White Diamonds, Eau De Toilette EDT Spray, 3.3 Fl Oz",3.3 Fl Oz (Pack of 1),4.7 out of 5 stars,"19,407",$24.99 ,"FREE delivery Fri, Nov 25 on $25 of items shipped by AmazonOr fastest delivery Tue, Nov 22|",B0009OAI8Q,https://m.media-amazon.com/images/I/71BygykeUgL._AC_UL320_.jpg
857,https://www.amazon.com/Coach-Signature-Eau-Parfum-1-0/dp/B078WFBLY3/ref=sr_1_47?crid=2W8W3065CCUHF&keywords=perfume&qid=1668802834&sprefix=perfume%2Caps%2C97&sr=8-47,Coach Signature Eau De Parfum 1.0oz Spray,1 Fl Oz (Pack of 1),4.6 out of 5 stars,"1,001",$34.99 ,"FREE delivery Fri, Nov 25 Or fastest delivery Sun, Nov 20|",B078WFBLY3,https://m.media-amazon.com/images/I/71qYrk2tBcL._AC_UL320_.jpg
858,https://www.amazon.com/Light-Blue-Dolce-Gabbana-Eau/dp/B015X2LC3S/ref=sr_1_48?crid=2W8W3065CCUHF&keywords=perfume&qid=1668802834&sprefix=perfume%2Caps%2C97&sr=8-48,"Light Blue by Dolce Gabbana for Women Eau de Toilette Spray, 3.4 Ounce",1 Count (Pack of 1),4.7 out of 5 stars,"11,140",$65.90 ,"FREE delivery Fri, Nov 25|",B015X2LC3S,https://m.media-amazon.com/images/I/51+9+a8Lq6L._AC_UL320_.jpg
859,https://www.amazon.com/sspa/click?ie=UTF8&spc=MTo3MDc2MTk3MjI5ODMxNzQ1OjE2Njg4MDI4MzQ6c3Bfc2VhcmNoX3RoZW1hdGljX2J0ZjoyMDAwNTU4OTE0MTQ5MjE6OjA6Og&url=%2FZents-Fragrance-Concentrate-Perfume-Aromatherapy%2Fdp%2FB002MWZKO0%2Fref%3Dsxbs_pa_sp_search_thematic_btf_sspa%3Fcontent-id%3Damzn1.sym.58cc9a81-ce69-447f-ae9a-f946e256a203%253Aamzn1.sym.58cc9a81-ce69-447f-ae9a-f946e256a203%26crid%3D2W8W3065CCUHF%26cv_ct_cx%3Dperfume%26keywords%3Dperfume%26pd_rd_i%3DB002MWZKO0%26pd_rd_r%3D31c825e3-2e2a-4024-8c0d-f5076f74fb39%26pd_rd_w%3DBDdZP%26pd_rd_wg%3DbXACC%26pf_rd_p%3D58cc9a81-ce69-447f-ae9a-f946e256a203%26pf_rd_r%3D4JMEGWPBR5R3VRC0S6T1%26qid%3D1668802834%26sprefix%3Dperfume%252Caps%252C97%26sr%3D1-1-5434e42d-8be2-4d7d-bf67-67dd4fa72054-spons%26sp_csd%3Dd2lkZ2V0TmFtZT1zcF9zZWFyY2hfdGhlbWF0aWNfYnRm%26psc%3D1%26smid%3DA2IRPDWR64UNFT,"ZENTS Attar Roll-On Perfume (Fresh Fragrance) Clean Luxury Scents, Long-Lasting Aromatherapy for Travel, .33 oz",Sponsored,4.4 out of 5 stars|5.0 out of 5 stars|5.0 out of 5 stars|5.0 out of 5 stars|4.7 out of 5 stars,85|1|2|1|6,$57.00 ,"Small Business|Small Business|Small Business|<img alt="""" src=""https://m.media-amazon.com/images/I/111mHoVK0kL._SS200_.png"" height=""50px"" width=""50px""/>  Small Business|<img alt="""" src=""https://m.media-amazon.com/images/I/111mHoVK0kL._SS200_.png"" height=""50px"" width=""50px""/>  Small Business|Small Business|Small Business|Small Business|<img alt="""" src=""https://m.media-amazon.com/images/I/111mHoVK0kL._SS200_.png"" height=""50px"" width=""50px""/>  Small Business|<img alt="""" src=""https://m.media-amazon.com/images/I/111mHoVK0kL._SS200_.png"" height=""50px"" width=""50px""/>  Small Business|Small Business|Small Business|Small Business|<img alt="""" src=""https://m.media-amazon.com/images/I/111mHoVK0kL._SS200_.png"" height=""50px"" width=""50px""/>  Small Business|<img alt="""" src=""https://m.media-amazon.com/images/I/111mHoVK0kL._SS200_.png"" height=""50px"" width=""50px""/>  Small Business|Small Business|Small Business|Small Business|<img alt="""" src=""https://m.media-amazon.com/images/I/111mHoVK0kL._SS200_.png"" height=""50px"" width=""50px""/>  Small Business|<img alt="""" src=""https://m.media-amazon.com/images/I/111mHoVK0kL._SS200_.png"" height=""50px"" width=""50px""/>  Small Business",,https://m.media-amazon.com/images/I/51I-JUqzKGL._AC_UL320_.jpg|https://m.media-amazon.com/images/I/111mHoVK0kL._SS200_.png||https://m.media-amazon.com/images/I/81OhQFCOzYL._AC_UL320_.jpg|https://m.media-amazon.com/images/I/111mHoVK0kL._SS200_.png||https://m.media-amazon.com/images/I/81zRdDieiYL._AC_UL320_.jpg|https://m.media-amazon.com/images/I/111mHoVK0kL._SS200_.png||https://m.media-amazon.com/images/I/81cuU1NFULL._AC_UL320_.jpg|https://m.media-amazon.com/images/I/111mHoVK0kL._SS200_.png||https://m.media-amazon.com/images/I/61-sChDh0uL._AC_UL320_.jpg
860,https://www.amazon.com/sspa/click?ie=UTF8&spc=MTo3MDc2MTk3MjI5ODMxNzQ1OjE2Njg4MDI4MzQ6c3Bfc2VhcmNoX3RoZW1hdGljX2J0ZjoyMDAwNTU4OTE0MTQ5MjE6OjA6Og&url=%2FZents-Fragrance-Concentrate-Perfume-Aromatherapy%2Fdp%2FB002MWZKO0%2Fref%3Dsxbs_pa_sp_search_thematic_btf_sspa%3Fcontent-id%3Damzn1.sym.58cc9a81-ce69-447f-ae9a-f946e256a203%253Aamzn1.sym.58cc9a81-ce69-447f-ae9a-f946e256a203%26crid%3D2W8W3065CCUHF%26cv_ct_cx%3Dperfume%26keywords%3Dperfume%26pd_rd_i%3DB002MWZKO0%26pd_rd_r%3D31c825e3-2e2a-4024-8c0d-f5076f74fb39%26pd_rd_w%3DBDdZP%26pd_rd_wg%3DbXACC%26pf_rd_p%3D58cc9a81-ce69-447f-ae9a-f946e256a203%26pf_rd_r%3D4JMEGWPBR5R3VRC0S6T1%26qid%3D1668802834%26sprefix%3Dperfume%252Caps%252C97%26sr%3D1-1-5434e42d-8be2-4d7d-bf67-67dd4fa72054-spons%26sp_csd%3Dd2lkZ2V0TmFtZT1zcF9zZWFyY2hfdGhlbWF0aWNfYnRm%26psc%3D1%26smid%3DA2IRPDWR64UNFT,"ZENTS Attar Roll-On Perfume (Fresh Fragrance) Clean Luxury Scents, Long-Lasting Aromatherapy for Travel, .33 oz",Sponsored,4.4 out of 5 stars,85,$57.00 ,"Small Business|Small Business|Small Business|<img alt="""" src=""https://m.media-amazon.com/images/I/111mHoVK0kL._SS200_.png"" height=""50px"" width=""50px""/>  Small Business|<img alt="""" src=""https://m.media-amazon.com/images/I/111mHoVK0kL._SS200_.png"" height=""50px"" width=""50px""/>  Small Business",B002MWZKO0,https://m.media-amazon.com/images/I/51I-JUqzKGL._AC_UL320_.jpg|https://m.media-amazon.com/images/I/111mHoVK0kL._SS200_.png|
861,https://www.amazon.com/sspa/click?ie=UTF8&spc=MTo3MDc2MTk3MjI5ODMxNzQ1OjE2Njg4MDI4MzQ6c3Bfc2VhcmNoX3RoZW1hdGljX2J0Zjo6OjE6QjA5R01LNDczQzpzZWFyY2g&url=%2FJAMEELAH-Rollerball-Alcoholic-Fragrance-Naseem%2Fdp%2FB09GMK473C%2Fref%3Dsxbs_pa_sp_search_thematic_btf_sspa%3Fcontent-id%3Damzn1.sym.58cc9a81-ce69-447f-ae9a-f946e256a203%253Aamzn1.sym.58cc9a81-ce69-447f-ae9a-f946e256a203%26crid%3D2W8W3065CCUHF%26cv_ct_cx%3Dperfume%26keywords%3Dperfume%26pd_rd_i%3DB09GMK473C%26pd_rd_r%3D31c825e3-2e2a-4024-8c0d-f5076f74fb39%26pd_rd_w%3DBDdZP%26pd_rd_wg%3DbXACC%26pf_rd_p%3D58cc9a81-ce69-447f-ae9a-f946e256a203%26pf_rd_r%3D4JMEGWPBR5R3VRC0S6T1%26qid%3D1668802834%26sprefix%3Dperfume%252Caps%252C97%26sr%3D1-2-5434e42d-8be2-4d7d-bf67-67dd4fa72054-spons%26sp_csd%3Dd2lkZ2V0TmFtZT1zcF9zZWFyY2hfdGhlbWF0aWNfYnRm%26psc%3D1,NASEEM Jameelah Perfume Oil Rollerball With Composition of Jasmine Sandalwood | Long Lasting Fragrance Oil | Dubai Perfume | Alcohol Free | Arabian Fragrance |Roll on Perfume Oils for Women 0.81 Fl Oz,0.81 Fl Oz (Pack of 1),5.0 out of 5 stars,1,$27.99 ,"Small Business|Small Business|Small Business|<img alt="""" src=""https://m.media-amazon.com/images/I/111mHoVK0kL._SS200_.png"" height=""50px"" width=""50px""/>  Small Business|<img alt="""" src=""https://m.media-amazon.com/images/I/111mHoVK0kL._SS200_.png"" height=""50px"" width=""50px""/>  Small Business",B09GMK473C,https://m.media-amazon.com/images/I/81OhQFCOzYL._AC_UL320_.jpg|https://m.media-amazon.com/images/I/111mHoVK0kL._SS200_.png|
862,https://www.amazon.com/sspa/click?ie=UTF8&spc=MTo3MDc2MTk3MjI5ODMxNzQ1OjE2Njg4MDI4MzQ6c3Bfc2VhcmNoX3RoZW1hdGljX2J0Zjo6OjI6QjA5R05NMkpRMTpzZWFyY2g&url=%2FRollerball-Alcoholic-Fragrance-Perfumes-Naseem%2Fdp%2FB09GNM2JQ1%2Fref%3Dsxbs_pa_sp_search_thematic_btf_sspa%3Fcontent-id%3Damzn1.sym.58cc9a81-ce69-447f-ae9a-f946e256a203%253Aamzn1.sym.58cc9a81-ce69-447f-ae9a-f946e256a203%26crid%3D2W8W3065CCUHF%26cv_ct_cx%3Dperfume%26keywords%3Dperfume%26pd_rd_i%3DB09GNM2JQ1%26pd_rd_r%3D31c825e3-2e2a-4024-8c0d-f5076f74fb39%26pd_rd_w%3DBDdZP%26pd_rd_wg%3DbXACC%26pf_rd_p%3D58cc9a81-ce69-447f-ae9a-f946e256a203%26pf_rd_r%3D4JMEGWPBR5R3VRC0S6T1%26qid%3D1668802834%26sprefix%3Dperfume%252Caps%252C97%26sr%3D1-3-5434e42d-8be2-4d7d-bf67-67dd4fa72054-spons%26sp_csd%3Dd2lkZ2V0TmFtZT1zcF9zZWFyY2hfdGhlbWF0aWNfYnRm%26psc%3D1,NASEEM Laeqa Perfume Oil Rollerball With Composition of Cedarwood Fruity | Long Lasting Fragrance Oil | Dubai Perfume | Alcohol Free | Arabian Fragrance | Roll on Perfume Oil for Women 0.81 Fl Oz,0.81 Fl Oz (Pack of 1),5.0 out of 5 stars,2,$27.99 ,"Small Business|Small Business|Small Business|<img alt="""" src=""https://m.media-amazon.com/images/I/111mHoVK0kL._SS200_.png"" height=""50px"" width=""50px""/>  Small Business|<img alt="""" src=""https://m.media-amazon.com/images/I/111mHoVK0kL._SS200_.png"" height=""50px"" width=""50px""/>  Small Business",B09GNM2JQ1,https://m.media-amazon.com/images/I/81zRdDieiYL._AC_UL320_.jpg|https://m.media-amazon.com/images/I/111mHoVK0kL._SS200_.png|
863,https://www.amazon.com/sspa/click?ie=UTF8&spc=MTo3MDc2MTk3MjI5ODMxNzQ1OjE2Njg4MDI4MzQ6c3Bfc2VhcmNoX3RoZW1hdGljX2J0Zjo6OjM6QjA5R01GNTEzVDpzZWFyY2g&url=%2FJAMEELAH-Rollerball-Alcoholic-Fragrance-Naseem%2Fdp%2FB09GMF513T%2Fref%3Dsxbs_pa_sp_search_thematic_btf_sspa%3Fcontent-id%3Damzn1.sym.58cc9a81-ce69-447f-ae9a-f946e256a203%253Aamzn1.sym.58cc9a81-ce69-447f-ae9a-f946e256a203%26crid%3D2W8W3065CCUHF%26cv_ct_cx%3Dperfume%26keywords%3Dperfume%26pd_rd_i%3DB09GMF513T%26pd_rd_r%3D31c825e3-2e2a-4024-8c0d-f5076f74fb39%26pd_rd_w%3DBDdZP%26pd_rd_wg%3DbXACC%26pf_rd_p%3D58cc9a81-ce69-447f-ae9a-f946e256a203%26pf_rd_r%3D4JMEGWPBR5R3VRC0S6T1%26qid%3D1668802834%26sprefix%3Dperfume%252Caps%252C97%26sr%3D1-4-5434e42d-8be2-4d7d-bf67-67dd4fa72054-spons%26sp_csd%3Dd2lkZ2V0TmFtZT1zcF9zZWFyY2hfdGhlbWF0aWNfYnRm%26psc%3D1,NASEEM Jameelah Perfume Oil Rollerball With Composition of Vanilla Musk| Long Lasting Fragrance Oil | Dubai Perfume | Alcohol Free | Arabian Fragrance |Vanilla Roll on Perfume Oil for Women 0.81 Fl Oz,0.81 Fl Oz (Pack of 1),5.0 out of 5 stars,1,$27.99 ,"Small Business|Small Business|Small Business|<img alt="""" src=""https://m.media-amazon.com/images/I/111mHoVK0kL._SS200_.png"" height=""50px"" width=""50px""/>  Small Business|<img alt="""" src=""https://m.media-amazon.com/images/I/111mHoVK0kL._SS200_.png"" height=""50px"" width=""50px""/>  Small Business",B09GMF513T,https://m.media-amazon.com/images/I/81cuU1NFULL._AC_UL320_.jpg|https://m.media-amazon.com/images/I/111mHoVK0kL._SS200_.png|
864,https://www.amazon.com/sspa/click?ie=UTF8&spc=MTo3MDc2MTk3MjI5ODMxNzQ1OjE2Njg4MDI4MzQ6c3Bfc2VhcmNoX3RoZW1hdGljX2J0Zjo6OjQ6QjA5SE4zNDFYTjpzZWFyY2g&url=%2FHaniel-Pheromone-Cologne-Pheromones-Strength%2Fdp%2FB09HN341XN%2Fref%3Dsxbs_pa_sp_search_thematic_btf_sspa%3Fcontent-id%3Damzn1.sym.58cc9a81-ce69-447f-ae9a-f946e256a203%253Aamzn1.sym.58cc9a81-ce69-447f-ae9a-f946e256a203%26crid%3D2W8W3065CCUHF%26cv_ct_cx%3Dperfume%26keywords%3Dperfume%26pd_rd_i%3DB09HN341XN%26pd_rd_r%3D31c825e3-2e2a-4024-8c0d-f5076f74fb39%26pd_rd_w%3DBDdZP%26pd_rd_wg%3DbXACC%26pf_rd_p%3D58cc9a81-ce69-447f-ae9a-f946e256a203%26pf_rd_r%3D4JMEGWPBR5R3VRC0S6T1%26qid%3D1668802834%26sprefix%3Dperfume%252Caps%252C97%26sr%3D1-5-5434e42d-8be2-4d7d-bf67-67dd4fa72054-spons%26sp_csd%3Dd2lkZ2V0TmFtZT1zcF9zZWFyY2hfdGhlbWF0aWNfYnRm%26psc%3D1,"Haniel Perfumes for Men, Pheromone Cologne For Men, Perfume de Hombre, Natural Cologne For Men, Fragrance Perfume Oil, Feromonas Para Atraer Mujer, Cologne Samples, Designer Cologne for Men, Calones for Men",1 Fl Oz (Pack of 1),4.7 out of 5 stars,6,$29.10 ,,B09HN341XN,https://m.media-amazon.com/images/I/61-sChDh0uL._AC_UL320_.jpg
871,https://www.amazon.com/sspa/click?ie=UTF8&spc=MTo3ODA5MTg0MDU1NjEyMDE1OjE2Njg4MDI4NjY6c3BfYXRmOjIwMDAxODM2Mjk1NDg2MTo6MDo6&url=%2FEMILYSTORES-Professional-Eyelashes-Replacement-Silicone%2Fdp%2FB01MD13E2B%2Fref%3Dsr_1_1_sspa%3Fcrid%3D2ZG6O04W67003%26keywords%3Deyelash%2Bcurlers%26qid%3D1668802866%26sprefix%3Deyelash%2Bcurlers%252Caps%252C83%26sr%3D8-1-spons%26sp_csd%3Dd2lkZ2V0TmFtZT1zcF9hdGY%26psc%3D1,"EMILYSTORES Professional Makeup Tool For Eyelashes With 2 Replacement Silicone Refill Pads Pinch Pain FREE Metal Eyelash Curler 1PC, Golden Color",Sponsored,4.4 out of 5 stars,"3,643",$6.98 ,"FREE delivery Fri, Nov 25 on $25 of items shipped by AmazonOr fastest delivery Sun, Nov 20|",B01MD13E2B,https://m.media-amazon.com/images/I/51BsS7vwE1L._AC_UL320_.jpg
872,https://www.amazon.com/sspa/click?ie=UTF8&spc=MTo3ODA5MTg0MDU1NjEyMDE1OjE2Njg4MDI4NjY6c3BfYXRmOjIwMDA3MzUzOTk5NTg5ODo6MDo6&url=%2FEyelash-Curling-Eyelashes-Naturally-Silicone%2Fdp%2FB08B1GVMC1%2Fref%3Dsr_1_2_sspa%3Fcrid%3D2ZG6O04W67003%26keywords%3Deyelash%2Bcurlers%26qid%3D1668802866%26sprefix%3Deyelash%2Bcurlers%252Caps%252C83%26sr%3D8-2-spons%26sp_csd%3Dd2lkZ2V0TmFtZT1zcF9hdGY%26psc%3D1,"Kaasage Eyelash Curler for Women - Black Professional Lash Curler with Refill Silicone Pads. Easy to Curl Open-Eye Eyelashes Naturally in Seconds with No Pinching, No Pulling and Last Long",Sponsored,4.2 out of 5 stars,"4,078",$9.95 ,"FREE delivery Fri, Nov 25 on $25 of items shipped by AmazonOr fastest delivery Sun, Nov 20|",B08B1GVMC1,https://m.media-amazon.com/images/I/61zmAkhOP2L._AC_UL320_.jpg
873,https://www.amazon.com/sspa/click?ie=UTF8&spc=MTo3ODA5MTg0MDU1NjEyMDE1OjE2Njg4MDI4NjY6c3BfYXRmOjIwMDA4MTM2NzMyMjY5ODo6MDo6&url=%2FKaasage-Eyelash-Advanced-Silicone-Pressure%2Fdp%2FB01J3NOMAI%2Fref%3Dsr_1_3_sspa%3Fcrid%3D2ZG6O04W67003%26keywords%3Deyelash%2Bcurlers%26qid%3D1668802866%26sprefix%3Deyelash%2Bcurlers%252Caps%252C83%26sr%3D8-3-spons%26sp_csd%3Dd2lkZ2V0TmFtZT1zcF9hdGY%26psc%3D1,"Kaasage Eyelash Curler with Pads - Lash Curler with 5 Extra Silicone Replacement Pads, Get Perfect Curl in 5 Seconds",Sponsored,4.3 out of 5 stars,"14,159",$9.95 ,"FREE delivery Fri, Nov 25 on $25 of items shipped by AmazonOr fastest delivery Sun, Nov 20|",B01J3NOMAI,https://m.media-amazon.com/images/I/61dEBCfFEeL._AC_UL320_.jpg
874,https://www.amazon.com/sspa/click?ie=UTF8&spc=MTo3ODA5MTg0MDU1NjEyMDE1OjE2Njg4MDI4NjY6c3BfYXRmOjIwMDA1NzU2OTY2NTc5ODo6MDo6&url=%2FEyelash-Premium-Perfect-Replacement-Curlers%2Fdp%2FB08248VN92%2Fref%3Dsr_1_4_sspa%3Fcrid%3D2ZG6O04W67003%26keywords%3Deyelash%2Bcurlers%26qid%3D1668802866%26sprefix%3Deyelash%2Bcurlers%252Caps%252C83%26sr%3D8-4-spons%26sp_csd%3Dd2lkZ2V0TmFtZT1zcF9hdGY%26psc%3D1,"Eyelash Curler Kit (Rose Gold), Premium Lash Curler for Perfect Lashes, Eye Lash Curler with 5 Eyelash Curler Replacement Pads, Universal Eye Lashes Curlers, Eyelash Curler for Women (Box Colors Vary)",Sponsored,4.4 out of 5 stars,"6,036",$11.99 ,"FREE delivery Fri, Nov 25 on $25 of items shipped by AmazonOr fastest delivery Sun, Nov 20||Small Business|Small Business|Small Business|<img alt="""" src=""https://m.media-amazon.com/images/I/111mHoVK0kL._SS200_.png"" height=""50px"" width=""50px""/>  Small Business|<img alt="""" src=""https://m.media-amazon.com/images/I/111mHoVK0kL._SS200_.png"" height=""50px"" width=""50px""/>  Small Business",B08248VN92,https://m.media-amazon.com/images/I/71DjBbdb96L._AC_UL320_.jpg|https://m.media-amazon.com/images/I/111mHoVK0kL._SS200_.png|
875,https://www.amazon.com/Wet-Wild-Eyelash-Curler-Comfort/dp/B08RRLJDGM/ref=sr_1_5?crid=2ZG6O04W67003&keywords=eyelash+curlers&qid=1668802866&sprefix=eyelash+curlers%2Caps%2C83&sr=8-5,Wet n Wild High On Lash Eyelash Curler with Comfort Grip,1 Count (Pack of 1),4.3 out of 5 stars,"13,896",$2.18 ,"FREE delivery Fri, Nov 25 on $25 of items shipped by AmazonOr fastest delivery Mon, Nov 21|",B08RRLJDGM,https://m.media-amazon.com/images/I/713stoF0K6L._AC_UL320_.jpg
876,https://www.amazon.com/l-f-Eyelash-Curler-Lifting-Building/dp/B07ZVYM365/ref=sr_1_6?crid=2ZG6O04W67003&keywords=eyelash+curlers&qid=1668802866&sprefix=eyelash+curlers%2Caps%2C83&sr=8-6,"e.l.f. Pro Eyelash Curler, Vegan Makeup Tool, Creates Eye-Opening & Lifted Lashes, Lash Curler Includes Additional Rubber Replacement Pad",1 Count (Pack of 1),4.3 out of 5 stars,"9,407",$5.00 ,FREE delivery on $25 shipped by Amazon.,B07ZVYM365,https://m.media-amazon.com/images/I/61CiBfZtBZL._AC_UL320_.jpg
877,https://www.amazon.com/Tweezerman-Classic-Eyelash-Curler-1034-R/dp/B000EMWHD2/ref=sr_1_7?crid=2ZG6O04W67003&keywords=eyelash+curlers&qid=1668802866&sprefix=eyelash+curlers%2Caps%2C83&sr=8-7,"Tweezerman Classic Eyelash Curler Model No. 1034-R, Stainless Steel",1 Count (Pack of 1),4.6 out of 5 stars,"5,970",$9.98 ,"FREE delivery Fri, Nov 25 on $25 of items shipped by AmazonOr fastest delivery Sun, Nov 20|",B000EMWHD2,https://m.media-amazon.com/images/I/61dtDXX5K6L._AC_UL320_.jpg
878,https://www.amazon.com/sspa/click?ie=UTF8&spc=MTo1NDg0OTYwODY2NDM3OTQ2OjE2Njg4MDI4NjY6c3Bfc2VhcmNoX3RoZW1hdGljOjIwMDA1NDA0MDc4MTQ5ODo6MDo6&url=%2FTweezer-Eyelash-Stainless-Removal-Precision%2Fdp%2FB09WGXF4DR%2Fref%3Dsxin_16_pa_sp_search_thematic_sspa%3Fcontent-id%3Damzn1.sym.4e7a2229-074e-44de-95c4-9fd858f46295%253Aamzn1.sym.4e7a2229-074e-44de-95c4-9fd858f46295%26crid%3D2ZG6O04W67003%26cv_ct_cx%3Deyelash%2Bcurlers%26keywords%3Deyelash%2Bcurlers%26pd_rd_i%3DB09WGXF4DR%26pd_rd_r%3Dbfefc4cf-a5b4-45dd-8418-04c1f5f99411%26pd_rd_w%3DO29B7%26pd_rd_wg%3DezBDS%26pf_rd_p%3D4e7a2229-074e-44de-95c4-9fd858f46295%26pf_rd_r%3D4DE97DV1DZDS6K98HFNC%26qid%3D1668802866%26sprefix%3Deyelash%2Bcurlers%252Caps%252C83%26sr%3D1-1-a73d1c8c-2fd2-4f19-aa41-2df022bcb241-spons%26sp_csd%3Dd2lkZ2V0TmFtZT1zcF9zZWFyY2hfdGhlbWF0aWM%26psc%3D1,"Tweezer and Eyelash Curler by Revlon, Expert Slant Tip Tweezer, Stainless Steel Hair Removal Makeup Tool, Precision Curl Control for All Eye Shapes, 1 Tweezer & 1 Eyelash Curler",Sponsored | Based on star rating and number of customer ratings,4.3 out of 5 stars|4.4 out of 5 stars|4.4 out of 5 stars|4.6 out of 5 stars|4.2 out of 5 stars,"53|3,643|6,036|126|4,078",$10.87 ,"Small Business|Small Business|Small Business|<img alt="""" src=""https://m.media-amazon.com/images/I/111mHoVK0kL._SS200_.png"" height=""50px"" width=""50px""/>  Small Business|<img alt="""" src=""https://m.media-amazon.com/images/I/111mHoVK0kL._SS200_.png"" height=""50px"" width=""50px""/>  Small Business",,https://m.media-amazon.com/images/I/31NNnlISiHL._AC_UL320_.jpg|https://m.media-amazon.com/images/I/51BsS7vwE1L._AC_UL320_.jpg|https://m.media-amazon.com/images/I/81MrSOoUClL._AC_UL320_.jpg|https://m.media-amazon.com/images/I/111mHoVK0kL._SS200_.png||https://m.media-amazon.com/images/I/51ubGd5rDsL._AC_UL320_.jpg|https://m.media-amazon.com/images/I/61zmAkhOP2L._AC_UL320_.jpg
879,https://www.amazon.com/sspa/click?ie=UTF8&spc=MTo1NDg0OTYwODY2NDM3OTQ2OjE2Njg4MDI4NjY6c3Bfc2VhcmNoX3RoZW1hdGljOjIwMDA1NDA0MDc4MTQ5ODo6MDo6&url=%2FTweezer-Eyelash-Stainless-Removal-Precision%2Fdp%2FB09WGXF4DR%2Fref%3Dsxin_16_pa_sp_search_thematic_sspa%3Fcontent-id%3Damzn1.sym.4e7a2229-074e-44de-95c4-9fd858f46295%253Aamzn1.sym.4e7a2229-074e-44de-95c4-9fd858f46295%26crid%3D2ZG6O04W67003%26cv_ct_cx%3Deyelash%2Bcurlers%26keywords%3Deyelash%2Bcurlers%26pd_rd_i%3DB09WGXF4DR%26pd_rd_r%3Dbfefc4cf-a5b4-45dd-8418-04c1f5f99411%26pd_rd_w%3DO29B7%26pd_rd_wg%3DezBDS%26pf_rd_p%3D4e7a2229-074e-44de-95c4-9fd858f46295%26pf_rd_r%3D4DE97DV1DZDS6K98HFNC%26qid%3D1668802866%26sprefix%3Deyelash%2Bcurlers%252Caps%252C83%26sr%3D1-1-a73d1c8c-2fd2-4f19-aa41-2df022bcb241-spons%26sp_csd%3Dd2lkZ2V0TmFtZT1zcF9zZWFyY2hfdGhlbWF0aWM%26psc%3D1,"Tweezer and Eyelash Curler by Revlon, Expert Slant Tip Tweezer, Stainless Steel Hair Removal Makeup Tool, Precision Curl Control for All Eye Shapes, 1 Tweezer & 1 Eyelash Curler",,4.3 out of 5 stars,53,$10.87 ,,B09WGXF4DR,https://m.media-amazon.com/images/I/31NNnlISiHL._AC_UL320_.jpg
880,https://www.amazon.com/sspa/click?ie=UTF8&spc=MTo1NDg0OTYwODY2NDM3OTQ2OjE2Njg4MDI4NjY6c3Bfc2VhcmNoX3RoZW1hdGljOjIwMDAxODM2Mjk1NDg2MTo6MTo6&url=%2FEMILYSTORES-Professional-Eyelashes-Replacement-Silicone%2Fdp%2FB01MD13E2B%2Fref%3Dsxin_16_pa_sp_search_thematic_sspa%3Fcontent-id%3Damzn1.sym.4e7a2229-074e-44de-95c4-9fd858f46295%253Aamzn1.sym.4e7a2229-074e-44de-95c4-9fd858f46295%26crid%3D2ZG6O04W67003%26cv_ct_cx%3Deyelash%2Bcurlers%26keywords%3Deyelash%2Bcurlers%26pd_rd_i%3DB01MD13E2B%26pd_rd_r%3Dbfefc4cf-a5b4-45dd-8418-04c1f5f99411%26pd_rd_w%3DO29B7%26pd_rd_wg%3DezBDS%26pf_rd_p%3D4e7a2229-074e-44de-95c4-9fd858f46295%26pf_rd_r%3D4DE97DV1DZDS6K98HFNC%26qid%3D1668802866%26sprefix%3Deyelash%2Bcurlers%252Caps%252C83%26sr%3D1-2-a73d1c8c-2fd2-4f19-aa41-2df022bcb241-spons%26sp_csd%3Dd2lkZ2V0TmFtZT1zcF9zZWFyY2hfdGhlbWF0aWM%26psc%3D1,"EMILYSTORES Professional Makeup Tool For Eyelashes With 2 Replacement Silicone Refill Pads Pinch Pain FREE Metal Eyelash Curler 1PC, Golden Color",3 Piece Set,4.4 out of 5 stars,"3,643",$6.98 ,,B01MD13E2B,https://m.media-amazon.com/images/I/51BsS7vwE1L._AC_UL320_.jpg
881,https://www.amazon.com/sspa/click?ie=UTF8&spc=MTo1NDg0OTYwODY2NDM3OTQ2OjE2Njg4MDI4NjY6c3Bfc2VhcmNoX3RoZW1hdGljOjIwMDA4OTU1NTY5MjU5ODo6Mjo6&url=%2FbasicConcepts-BC-Eyelash-Curler-Gold%2Fdp%2FB08QDMGMK6%2Fref%3Dsxin_16_pa_sp_search_thematic_sspa%3Fcontent-id%3Damzn1.sym.4e7a2229-074e-44de-95c4-9fd858f46295%253Aamzn1.sym.4e7a2229-074e-44de-95c4-9fd858f46295%26crid%3D2ZG6O04W67003%26cv_ct_cx%3Deyelash%2Bcurlers%26keywords%3Deyelash%2Bcurlers%26pd_rd_i%3DB08QDMGMK6%26pd_rd_r%3Dbfefc4cf-a5b4-45dd-8418-04c1f5f99411%26pd_rd_w%3DO29B7%26pd_rd_wg%3DezBDS%26pf_rd_p%3D4e7a2229-074e-44de-95c4-9fd858f46295%26pf_rd_r%3D4DE97DV1DZDS6K98HFNC%26qid%3D1668802866%26sprefix%3Deyelash%2Bcurlers%252Caps%252C83%26sr%3D1-3-a73d1c8c-2fd2-4f19-aa41-2df022bcb241-spons%26sp_csd%3Dd2lkZ2V0TmFtZT1zcF9zZWFyY2hfdGhlbWF0aWM%26psc%3D1,"Eyelash Curler Kit (Gold), Premium Lash Curler for Perfect Lashes, Eye Lash Curler with 5 Eyelash Curler Replacement Pads, Universal Eye Lashes Curlers, Eyelash Curler for Women (Box Colors Vary)",($11.99/Count),4.4 out of 5 stars,"6,036",$11.99 ,"Small Business|Small Business|Small Business|<img alt="""" src=""https://m.media-amazon.com/images/I/111mHoVK0kL._SS200_.png"" height=""50px"" width=""50px""/>  Small Business|<img alt="""" src=""https://m.media-amazon.com/images/I/111mHoVK0kL._SS200_.png"" height=""50px"" width=""50px""/>  Small Business",B08QDMGMK6,https://m.media-amazon.com/images/I/81MrSOoUClL._AC_UL320_.jpg|https://m.media-amazon.com/images/I/111mHoVK0kL._SS200_.png|
882,https://www.amazon.com/sspa/click?ie=UTF8&spc=MTo1NDg0OTYwODY2NDM3OTQ2OjE2Njg4MDI4NjY6c3Bfc2VhcmNoX3RoZW1hdGljOjIwMDA4Mzg2MjcwNzM5ODo6Mzo6&url=%2FTweezerman-Stardust-Curler-Lash-Comb%2Fdp%2FB09ZK172QP%2Fref%3Dsxin_16_pa_sp_search_thematic_sspa%3Fcontent-id%3Damzn1.sym.4e7a2229-074e-44de-95c4-9fd858f46295%253Aamzn1.sym.4e7a2229-074e-44de-95c4-9fd858f46295%26crid%3D2ZG6O04W67003%26cv_ct_cx%3Deyelash%2Bcurlers%26keywords%3Deyelash%2Bcurlers%26pd_rd_i%3DB09ZK172QP%26pd_rd_r%3Dbfefc4cf-a5b4-45dd-8418-04c1f5f99411%26pd_rd_w%3DO29B7%26pd_rd_wg%3DezBDS%26pf_rd_p%3D4e7a2229-074e-44de-95c4-9fd858f46295%26pf_rd_r%3D4DE97DV1DZDS6K98HFNC%26qid%3D1668802866%26sprefix%3Deyelash%2Bcurlers%252Caps%252C83%26sr%3D1-4-a73d1c8c-2fd2-4f19-aa41-2df022bcb241-spons%26sp_csd%3Dd2lkZ2V0TmFtZT1zcF9zZWFyY2hfdGhlbWF0aWM%26psc%3D1,Tweezerman Stardust Curler & Lash Comb Set,Save more with Subscribe & Save,4.6 out of 5 stars,126,$21.99 ,,B09ZK172QP,https://m.media-amazon.com/images/I/51ubGd5rDsL._AC_UL320_.jpg
883,https://www.amazon.com/sspa/click?ie=UTF8&spc=MTo1NDg0OTYwODY2NDM3OTQ2OjE2Njg4MDI4NjY6c3Bfc2VhcmNoX3RoZW1hdGljOjIwMDA3MzUzOTk5NTg5ODo6NDo6&url=%2FEyelash-Curling-Eyelashes-Naturally-Silicone%2Fdp%2FB08B1GVMC1%2Fref%3Dsxin_16_pa_sp_search_thematic_sspa%3Fcontent-id%3Damzn1.sym.4e7a2229-074e-44de-95c4-9fd858f46295%253Aamzn1.sym.4e7a2229-074e-44de-95c4-9fd858f46295%26crid%3D2ZG6O04W67003%26cv_ct_cx%3Deyelash%2Bcurlers%26keywords%3Deyelash%2Bcurlers%26pd_rd_i%3DB08B1GVMC1%26pd_rd_r%3Dbfefc4cf-a5b4-45dd-8418-04c1f5f99411%26pd_rd_w%3DO29B7%26pd_rd_wg%3DezBDS%26pf_rd_p%3D4e7a2229-074e-44de-95c4-9fd858f46295%26pf_rd_r%3D4DE97DV1DZDS6K98HFNC%26qid%3D1668802866%26sprefix%3Deyelash%2Bcurlers%252Caps%252C83%26sr%3D1-5-a73d1c8c-2fd2-4f19-aa41-2df022bcb241-spons%26sp_csd%3Dd2lkZ2V0TmFtZT1zcF9zZWFyY2hfdGhlbWF0aWM%26psc%3D1,"Kaasage Eyelash Curler for Women - Black Professional Lash Curler with Refill Silicone Pads. Easy to Curl Open-Eye Eyelashes Naturally in Seconds with No Pinching, No Pulling and Last Long",6 Piece Set,4.2 out of 5 stars,"4,078",$9.95 ,,B08B1GVMC1,https://m.media-amazon.com/images/I/61zmAkhOP2L._AC_UL320_.jpg
885,https://www.amazon.com/Kaasage-Eyelash-Advanced-Silicone-Pressure/dp/B01J3NOMAI/ref=sr_1_8?crid=2ZG6O04W67003&keywords=eyelash+curlers&qid=1668802866&sprefix=eyelash+curlers%2Caps%2C83&sr=8-8,"Kaasage Eyelash Curler with Pads - Lash Curler with 5 Extra Silicone Replacement Pads, Get Perfect Curl in 5 Seconds",8 Piece Set,4.3 out of 5 stars,"14,159",$9.95 ,"FREE delivery Fri, Nov 25 on $25 of items shipped by AmazonOr fastest delivery Sun, Nov 20|",B01J3NOMAI,https://m.media-amazon.com/images/I/61dEBCfFEeL._AC_UL320_.jpg
886,https://www.amazon.com/Brilliant-Beauty-Eyelash-Curler-Dramatically/dp/B01FRGVPE6/ref=sr_1_9?crid=2ZG6O04W67003&keywords=eyelash+curlers&qid=1668802866&sprefix=eyelash+curlers%2Caps%2C83&sr=8-9,"Brilliant Beauty Eyelash Curler with Satin Bag & Refill Pads - Award Winning - No Pinching, Just Dramatically Curled Eyelashes for a Lash Lift in Seconds (Rose Gold)",1 Count (Pack of 1),4.2 out of 5 stars,"37,967",$7.00 ,"FREE delivery Fri, Nov 25 on $25 of items shipped by AmazonOr fastest delivery Sun, Nov 20||Small Business|Small Business|Small Business|<img alt="""" src=""https://m.media-amazon.com/images/I/111mHoVK0kL._SS200_.png"" height=""50px"" width=""50px""/>  Small Business|<img alt="""" src=""https://m.media-amazon.com/images/I/111mHoVK0kL._SS200_.png"" height=""50px"" width=""50px""/>  Small Business",B01FRGVPE6,https://m.media-amazon.com/images/I/71PukJrvIJL._AC_UL320_.jpg|https://m.media-amazon.com/images/I/111mHoVK0kL._SS200_.png|
887,https://www.amazon.com/Pinkiou-Eyelash-Eyelashes-Accessory-Professional/dp/B071778GJ7/ref=sr_1_10?crid=2ZG6O04W67003&keywords=eyelash+curlers&qid=1668802866&sprefix=eyelash+curlers%2Caps%2C83&sr=8-10,Pinkiou Eyelash Curler With Brush Mascara Muffle False Eyelashes Accessory Best Professional Tool for Lashes Curls Without for Daily Makeup,1 Count (Pack of 1),4.1 out of 5 stars,"1,956",$7.99 ,"FREE delivery Fri, Nov 25 on $25 of items shipped by AmazonOr fastest delivery Sun, Nov 20|",B071778GJ7,https://m.media-amazon.com/images/I/51QZuHAYtqL._AC_UL320_.jpg
888,https://www.amazon.com/TWEEZERMAN-Great-Eyelash-Curler-Ounce/dp/B00YRBWSNK/ref=sr_1_11?crid=2ZG6O04W67003&keywords=eyelash+curlers&qid=1668802866&sprefix=eyelash+curlers%2Caps%2C83&sr=8-11,"Tweezerman Neon Great Grip Eyelash Curler, Pink, 0.3 Oz",1 Count (Pack of 1),4.5 out of 5 stars,"2,793",$9.98 ,"FREE delivery Fri, Nov 25 on $25 of items shipped by AmazonOr fastest delivery Sun, Nov 20|",B00YRBWSNK,https://m.media-amazon.com/images/I/61vYisz5WwL._AC_UL320_.jpg
889,https://www.amazon.com/Uranian-Eyelash-Curlers-Silicone-Premium/dp/B09267G3X8/ref=sr_1_12?crid=2ZG6O04W67003&keywords=eyelash+curlers&qid=1668802866&sprefix=eyelash+curlers%2Caps%2C83&sr=8-12,Uranian Beauty Eyelash Curler Comb Eyelash Curlers with 2 Silicone Refill Pads Premium Lash Curler Makeup Tool for Women and Girls,3 Piece Set,3.9 out of 5 stars,306,$9.66 ,"FREE delivery Fri, Nov 25 on $25 of items shipped by AmazonOr fastest delivery Sun, Nov 20|",B09267G3X8,https://m.media-amazon.com/images/I/517IYSEKi+L._AC_UL320_.jpg
890,https://www.amazon.com/Moduskye-Extension-Tweezers-Scissors-Long-lasting/dp/B08XQGG6X2/ref=sr_1_13?crid=2ZG6O04W67003&keywords=eyelash+curlers&qid=1668802866&sprefix=eyelash+curlers%2Caps%2C83&sr=8-13,"Eyelash Curler Set, Moduskye 7 in 1 Eyelashes Curler with 4 Extra Replacement Refill Pads, Partial Lash Curler Eyes Makeup Tools Long-Lasting Natural Lashes",15 Piece Set,4.4 out of 5 stars,688,$10.99 ,"FREE delivery Fri, Nov 25 on $25 of items shipped by AmazonOr fastest delivery Sun, Nov 20|",B08XQGG6X2,https://m.media-amazon.com/images/I/61xkEpshlIS._AC_UL320_.jpg
891,https://aax-us-iad.amazon.com/x/c/RGMZxPEoJnRulBOGQl8DKfoAAAGEjGbskwEAAAH2AQBOL0EgICAgICAgICAgICBOL0EgICAgICAgICAgICAfC_a9/https://www.amazon.com/dp/B01J3NOMAI?pd_rd_i=B01J3NOMAI&pf_rd_p=b000e0a0-9e93-480f-bf78-a83c8136dfcb&pf_rd_r=4DE97DV1DZDS6K98HFNC&pd_rd_wg=ezBDS&pd_rd_w=2bkAR&pd_rd_r=bfefc4cf-a5b4-45dd-8418-04c1f5f99411,"Kaasage Eyelash Curler with Pads - Lash Curler with 5 Extra Silicone Replacement Pads, Get Perfect Curl in 5 Seconds",Sponsored,4.3 out of 5 stars,"14,159",$9.95 ,"FREE delivery Fri, Nov 25 on $25 of items shipped by AmazonOr fastest delivery Sun, Nov 20|",,
894,https://www.amazon.com/Eyelash-Curler-Precision-Control-Defines/dp/B082L18MWD/ref=sr_1_14?crid=2ZG6O04W67003&keywords=eyelash+curlers&qid=1668802866&rdc=1&sprefix=eyelash+curlers%2Caps%2C83&sr=8-14,"Eyelash Curler by Revlon, Precision Curl Control for Short Lashes, Lifts & Defines, Easy to Use (Pack of 1)",1 Count (Pack of 1),4.1 out of 5 stars,"19,032",$9.69 ,"FREE delivery Fri, Nov 25 on $25 of items shipped by AmazonOr fastest delivery Sun, Nov 20|",B082L18MWD,https://m.media-amazon.com/images/I/718jtapN5uL._AC_UL320_.jpg
895,https://www.amazon.com/Japonesque-Limited-Curler-Natural-Lashes/dp/B09S3NSKZX/ref=sr_1_15?crid=2ZG6O04W67003&keywords=eyelash+curlers&qid=1668802866&sprefix=eyelash+curlers%2Caps%2C83&sr=8-15,"JAPONESQUE Limited Edition Lash Curler, for Natural & False Lashes, Round Shaped Eyes, Includes 1 Refill Pad, Holds Curl up to 8 Hours",($8.99/Count),4.3 out of 5 stars,81,$8.99 ,"FREE delivery Fri, Nov 25 on $25 of items shipped by AmazonOr fastest delivery Sun, Nov 20||Small Business|Small Business|Small Business|<img alt="""" src=""https://m.media-amazon.com/images/I/111mHoVK0kL._SS200_.png"" height=""50px"" width=""50px""/>  Small Business|<img alt="""" src=""https://m.media-amazon.com/images/I/111mHoVK0kL._SS200_.png"" height=""50px"" width=""50px""/>  Small Business",B09S3NSKZX,https://m.media-amazon.com/images/I/610Pxi9mgbL._AC_UL320_.jpg|https://m.media-amazon.com/images/I/111mHoVK0kL._SS200_.png|
896,https://www.amazon.com/Eyelash-Electric-Rechargeable-Temperature-Adjustable/dp/B0B8RDXWW6/ref=sr_1_16?crid=2ZG6O04W67003&keywords=eyelash+curlers&qid=1668802866&sprefix=eyelash+curlers%2Caps%2C83&sr=8-16,"Heated Eyelash Curlers, Electric Eyelash Curlers with USB Rechargeable, 4 Temperature Adjustable Eye Lash Curler with LED Digital Display, for Makeup Natural Curling Eye Lashe (Pink)",($14.99/Count),5.0 out of 5 stars,7,$14.99 ,"FREE delivery Fri, Nov 25 on $25 of items shipped by AmazonOr fastest delivery Sun, Nov 20|",B0B8RDXWW6,https://m.media-amazon.com/images/I/61JvOuqA3ML._AC_UL320_.jpg
897,https://www.amazon.com/sspa/click?ie=UTF8&spc=MTo3ODA5MTg0MDU1NjEyMDE1OjE2Njg4MDI4NjY6c3BfbXRmOjIwMDA3ODE3NDk5NzM5ODo6MDo6&url=%2FEyelash-Silicone-Replacement-Partial-Precision%2Fdp%2FB09XMK2748%2Fref%3Dsr_1_17_sspa%3Fcrid%3D2ZG6O04W67003%26keywords%3Deyelash%2Bcurlers%26qid%3D1668802866%26sprefix%3Deyelash%2Bcurlers%252Caps%252C83%26sr%3D8-17-spons%26sp_csd%3Dd2lkZ2V0TmFtZT1zcF9tdGY%26psc%3D1,"Eyelash Curler, 2Pcs Lash Curler with Silicone Replacement Pads, Wide Angle Eyelash Curler and Partial Precision Eyelash Curler - (Pink)",Featured from our brands,4.0 out of 5 stars,35,$6.98 ,"FREE delivery Fri, Nov 25 on $25 of items shipped by AmazonOr fastest delivery Tue, Nov 22|",B09XMK2748,https://m.media-amazon.com/images/I/615VIv4O0WL._AC_UL320_.jpg
898,https://www.amazon.com/sspa/click?ie=UTF8&spc=MTo3ODA5MTg0MDU1NjEyMDE1OjE2Njg4MDI4NjY6c3BfbXRmOjIwMDA3OTIxOTg4MDE1MTo6MDo6&url=%2FPinkiou-Eyelash-Eyelashes-Accessory-Professional%2Fdp%2FB071778GJ7%2Fref%3Dsr_1_18_sspa%3Fcrid%3D2ZG6O04W67003%26keywords%3Deyelash%2Bcurlers%26qid%3D1668802866%26sprefix%3Deyelash%2Bcurlers%252Caps%252C83%26sr%3D8-18-spons%26sp_csd%3Dd2lkZ2V0TmFtZT1zcF9tdGY%26psc%3D1,Pinkiou Eyelash Curler With Brush Mascara Muffle False Eyelashes Accessory Best Professional Tool for Lashes Curls Without for Daily Makeup,Sponsored,4.1 out of 5 stars,"1,956",$7.99 ,"FREE delivery Fri, Nov 25 on $25 of items shipped by AmazonOr fastest delivery Sun, Nov 20|",B071778GJ7,https://m.media-amazon.com/images/I/51QZuHAYtqL._AC_UL320_.jpg
899,https://www.amazon.com/sspa/click?ie=UTF8&spc=MTo3ODA5MTg0MDU1NjEyMDE1OjE2Njg4MDI4NjY6c3BfbXRmOjIwMDA1NDA0MDc4MTQ5ODo6MDo6&url=%2FTweezer-Eyelash-Stainless-Removal-Precision%2Fdp%2FB09WGXF4DR%2Fref%3Dsr_1_19_sspa%3Fcrid%3D2ZG6O04W67003%26keywords%3Deyelash%2Bcurlers%26qid%3D1668802866%26sprefix%3Deyelash%2Bcurlers%252Caps%252C83%26sr%3D8-19-spons%26sp_csd%3Dd2lkZ2V0TmFtZT1zcF9tdGY%26psc%3D1,"Tweezer and Eyelash Curler by Revlon, Expert Slant Tip Tweezer, Stainless Steel Hair Removal Makeup Tool, Precision Curl Control for All Eye Shapes, 1 Tweezer & 1 Eyelash Curler",Sponsored,4.3 out of 5 stars,53,$10.87 ,FREE delivery on $25 shipped by Amazon.,B09WGXF4DR,https://m.media-amazon.com/images/I/31NNnlISiHL._AC_UL320_.jpg
900,https://www.amazon.com/sspa/click?ie=UTF8&spc=MTo3ODA5MTg0MDU1NjEyMDE1OjE2Njg4MDI4NjY6c3BfbXRmOjIwMDAyNzc5MjM1Mjg5ODo6MDo6&url=%2FStainless-Eyelashes-Accessory-Professional-Pinkiou%2Fdp%2FB08CS69SV6%2Fref%3Dsr_1_20_sspa%3Fcrid%3D2ZG6O04W67003%26keywords%3Deyelash%2Bcurlers%26qid%3D1668802866%26sprefix%3Deyelash%2Bcurlers%252Caps%252C83%26sr%3D8-20-spons%26sp_csd%3Dd2lkZ2V0TmFtZT1zcF9tdGY%26psc%3D1,Eyelash Curler Stainless Steel with Brush Mascara Muffle False Eyelashes Accessory Best Professional Tool for Lashes Curls Pinkiou,Sponsored,4.1 out of 5 stars,630,$7.99 ,"FREE delivery Fri, Nov 25 on $25 of items shipped by AmazonOr fastest delivery Sun, Nov 20|",B08CS69SV6,https://m.media-amazon.com/images/I/41xagNUjpUL._AC_UL320_.jpg
901,https://www.amazon.com/TOUCHBeauty-Professional-Silicone-Naturally-Eyelashes/dp/B0722KCZZY/ref=sr_1_21?crid=2ZG6O04W67003&keywords=eyelash+curlers&qid=1668802866&sprefix=eyelash+curlers%2Caps%2C83&sr=8-21,TOUCHBeauty Professional Heated Eyelash Curler with Silicone Refill Pad Curling Tool for Women Long Lasting Naturally Eyelashes TB-2003A,1 Count (Pack of 1),3.5 out of 5 stars,"5,734",$14.98 ,"FREE delivery Fri, Nov 25 on $25 of items shipped by AmazonOr fastest delivery Sun, Nov 20|",B0722KCZZY,https://m.media-amazon.com/images/I/41kTW2rClOL._AC_UL320_.jpg
902,https://www.amazon.com/JAPONESQUE-Curl-Eyelash-Curler-Pink/dp/B002UXRE4U/ref=sr_1_22?crid=2ZG6O04W67003&keywords=eyelash+curlers&qid=1668802866&sprefix=eyelash+curlers%2Caps%2C83&sr=8-22,"JAPONESQUE Go Curl Travel Eyelash Curler, Perfect for On The Go Use, with Extra Soft, Gentle Lash Pad",1 Count (Pack of 1),4.2 out of 5 stars,"5,683",$11.00 ,"FREE delivery Fri, Nov 25 on $25 of items shipped by AmazonOr fastest delivery Sun, Nov 20||Small Business|Small Business|Small Business|<img alt="""" src=""https://m.media-amazon.com/images/I/111mHoVK0kL._SS200_.png"" height=""50px"" width=""50px""/>  Small Business|<img alt="""" src=""https://m.media-amazon.com/images/I/111mHoVK0kL._SS200_.png"" height=""50px"" width=""50px""/>  Small Business",B002UXRE4U,https://m.media-amazon.com/images/I/61aCahb932L._AC_UL320_.jpg|https://m.media-amazon.com/images/I/111mHoVK0kL._SS200_.png|
903,https://www.amazon.com/Eyelash-Curler-TOMEEM-Professional-Volumizing/dp/B091T1K48S/ref=sr_1_23?crid=2ZG6O04W67003&keywords=eyelash+curlers&qid=1668802866&sprefix=eyelash+curlers%2Caps%2C83&sr=8-23,"Eyelash Curler with Comb, TOMEEM Professional Volumizing Lash Lift Kit Lash Curler with Refill Pads for Home & Travel Uses, Rose Gold",2 Piece Set,4.1 out of 5 stars,285,$5.99 ,"FREE delivery Fri, Nov 25 on $25 of items shipped by AmazonOr fastest delivery Tue, Nov 22|",B091T1K48S,https://m.media-amazon.com/images/I/61-W9dMb0eL._AC_UL320_.jpg
904,https://www.amazon.com/EMILYSTORES-Professional-Eyelashes-Replacement-Silicone/dp/B01MD13E2B/ref=sr_1_24?crid=2ZG6O04W67003&keywords=eyelash+curlers&qid=1668802866&sprefix=eyelash+curlers%2Caps%2C83&sr=8-24,"EMILYSTORES Professional Makeup Tool For Eyelashes With 2 Replacement Silicone Refill Pads Pinch Pain FREE Metal Eyelash Curler 1PC, Golden Color",3 Piece Set,4.4 out of 5 stars,"3,643",$6.98 ,"FREE delivery Fri, Nov 25 on $25 of items shipped by AmazonOr fastest delivery Sun, Nov 20|",B01MD13E2B,https://m.media-amazon.com/images/I/51BsS7vwE1L._AC_UL320_.jpg
905,https://www.amazon.com/Tweezerman-Rose-Gold-Classic-Curler/dp/B06Y5LBR3D/ref=sr_1_25?crid=2ZG6O04W67003&keywords=eyelash+curlers&qid=1668802866&sprefix=eyelash+curlers%2Caps%2C83&sr=8-25,Tweezerman Rose Gold Classic Lash Curler Model No. 1035-RGR,1 Count (Pack of 1),4.6 out of 5 stars,"1,962",$16.99 ,"FREE delivery Fri, Nov 25 on $25 of items shipped by AmazonOr fastest delivery Sun, Nov 20|",B06Y5LBR3D,https://m.media-amazon.com/images/I/51ZG5laMU0L._AC_UL320_.jpg
906,https://www.amazon.com/Shu-Uemura-4935421350853-uemura-Eyelash/dp/B000VSG1PO/ref=sr_1_26?crid=2ZG6O04W67003&keywords=eyelash+curlers&qid=1668802866&sprefix=eyelash+curlers%2Caps%2C83&sr=8-26,"Shu Uemura Eyelash Curler, Regular, Silver",1 Count (Pack of 1),4.4 out of 5 stars,"3,852",$21.95 ,FREE delivery on $25 shipped by Amazon.,B000VSG1PO,https://m.media-amazon.com/images/I/51MeP66NvPL._AC_UL320_.jpg
907,https://www.amazon.com/Eyelash-Rechargeable-Electric-Natural-Curling/dp/B0BBLDR3BM/ref=sr_1_27?crid=2ZG6O04W67003&keywords=eyelash+curlers&qid=1668802866&sprefix=eyelash+curlers%2Caps%2C83&sr=8-27,"Heated Eyelash Curler, USB Rechargeable Electric Eyelash Curler, Heated Lash Curler for Quick Natural Curling and 24 Hours Long Lasting, Best Gifts for Women, 2022 Updated Model",($18.98/Count),4.6 out of 5 stars,"1,203",$18.98 ,"FREE delivery Fri, Nov 25 on $25 of items shipped by AmazonOr fastest delivery Sun, Nov 20|",B0BBLDR3BM,https://m.media-amazon.com/images/I/61mcllSiB+L._AC_UL320_.jpg
908,https://www.amazon.com/COVERGIRL-Makeup-Masters-Eyelash-Packaging/dp/B00ON1GRFY/ref=sr_1_28?crid=2ZG6O04W67003&keywords=eyelash+curlers&qid=1668802866&sprefix=eyelash+curlers%2Caps%2C83&sr=8-28,"COVERGIRL Makeup Masters Eyelash Curler, Easy to Use, High Drama Lashes, 1 Count, Gentle and Easy Way to Curl Lashes, High Impact Lashes, Eye-Opening Effects",1 Count (Pack of 1),4.3 out of 5 stars,"7,347",$3.79 ,"FREE delivery Fri, Nov 25 on $25 of items shipped by AmazonOr fastest delivery Sun, Nov 20|",B00ON1GRFY,https://m.media-amazon.com/images/I/51EU9c22bhS._AC_UL320_.jpg
909,https://www.amazon.com/Stainless-Eyelashes-Accessory-Professional-Pinkiou/dp/B08CS69SV6/ref=sr_1_29?crid=2ZG6O04W67003&keywords=eyelash+curlers&qid=1668802866&sprefix=eyelash+curlers%2Caps%2C83&sr=8-29,Eyelash Curler Stainless Steel with Brush Mascara Muffle False Eyelashes Accessory Best Professional Tool for Lashes Curls Pinkiou,1 Count (Pack of 1),4.1 out of 5 stars,630,$7.99 ,"FREE delivery Fri, Nov 25 on $25 of items shipped by AmazonOr fastest delivery Sun, Nov 20|",B08CS69SV6,https://m.media-amazon.com/images/I/41xagNUjpUL._AC_UL320_.jpg
910,https://www.amazon.com/gootrades-Eyelashes-Separated-Crimp-Free-Seconds/dp/B0B9GHW7B5/ref=sr_1_30?crid=2ZG6O04W67003&keywords=eyelash+curlers&qid=1668802866&sprefix=eyelash+curlers%2Caps%2C83&sr=8-30,"gootrades Eyelashes Curler with Built-in Comb, Separated Eyelashes Curler Crimp-Free Lashes with 2 Refill Pads, Get a Lash Lift in Seconds, Durable Carbon Steel Body with Comfort Grip",($9.99/Count),3.2 out of 5 stars,50,$9.99 ,"FREE delivery Fri, Nov 25 on $25 of items shipped by AmazonOr fastest delivery Mon, Nov 21|",B0B9GHW7B5,https://m.media-amazon.com/images/I/51P-ZzWr2LL._AC_UL320_.jpg
911,https://www.amazon.com/MICPANG-Stainless-Eyelashes-Accessory-Professional/dp/B08LHFYNN8/ref=sr_1_31?crid=2ZG6O04W67003&keywords=eyelash+curlers&qid=1668802866&sprefix=eyelash+curlers%2Caps%2C83&sr=8-31,MICPANG Eyelash Curler with Built in Comb Eye Lash Curler Lash Tool with Brush Mini Small Best Eyelash Curler with Lash Separator 2 Refill Pads Portable Compact Plastic Partial Makeup Curler (Peach),1 Count (Pack of 1),3.9 out of 5 stars,"1,063",$7.99 ,"FREE delivery Fri, Nov 25 on $25 of items shipped by AmazonOr fastest delivery Sun, Nov 20|",B08LHFYNN8,https://m.media-amazon.com/images/I/31OeBnAth+L._AC_UL320_.jpg
912,https://www.amazon.com/Professional-Extension-Upgraded-Extensions-Semi-Permanent/dp/B08TC1PMMX/ref=sr_1_32?crid=2ZG6O04W67003&keywords=eyelash+curlers&qid=1668802866&sprefix=eyelash+curlers%2Caps%2C83&sr=8-32,"Lash Lift Kit, Eyelash Perm Kit, Professional Eyelash Curling Lash Extension Set, Glue Upgraded Version, Lash Extensions, Lash Curling, Semi-Permanent Curling Perming Wave Suitable for Salon",26 Piece Set,4.5 out of 5 stars,"3,503",$20.99 ,"FREE delivery Fri, Nov 25 on $25 of items shipped by AmazonOr fastest delivery Sun, Nov 20|",B08TC1PMMX,https://m.media-amazon.com/images/I/71B6eYhc1IL._AC_UL320_.jpg
913,https://www.amazon.com/sspa/click?ie=UTF8&spc=MTo3ODA5MTg0MDU1NjEyMDE1OjE2Njg4MDI4NjY6c3BfbXRmOjIwMDA4OTY4NzIzNDMyMTo6MDo6&url=%2FLASH-NEXT-DOOR-Professional-Eyelash%2Fdp%2FB09782Y38V%2Fref%3Dsr_1_33_sspa%3Fcrid%3D2ZG6O04W67003%26keywords%3Deyelash%2Bcurlers%26qid%3D1668802866%26sprefix%3Deyelash%2Bcurlers%252Caps%252C83%26sr%3D8-33-spons%26sp_csd%3Dd2lkZ2V0TmFtZT1zcF9tdGY%26psc%3D1%26smid%3DA12MA133MWAN8T,"LASH NEXT DOOR Professional Eyelash Curler - Instant Long Lasting Curl, Lifts & Shapes - No Pinching or Creasing. Includes Replacement Pad (in Black)",Sponsored,4.1 out of 5 stars,156,$14.99 ,"FREE delivery Fri, Nov 25 on $25 of items shipped by AmazonOr fastest delivery Sun, Nov 20||Small Business|Small Business|Small Business|<img alt="""" src=""https://m.media-amazon.com/images/I/111mHoVK0kL._SS200_.png"" height=""50px"" width=""50px""/>  Small Business|<img alt="""" src=""https://m.media-amazon.com/images/I/111mHoVK0kL._SS200_.png"" height=""50px"" width=""50px""/>  Small Business",B09782Y38V,https://m.media-amazon.com/images/I/41dOWLvbH-L._AC_UL320_.jpg|https://m.media-amazon.com/images/I/111mHoVK0kL._SS200_.png|
914,https://www.amazon.com/sspa/click?ie=UTF8&spc=MTo3ODA5MTg0MDU1NjEyMDE1OjE2Njg4MDI4NjY6c3BfbXRmOjIwMDEwMjU2MTAwODE5ODo6MDo6&url=%2FEyelash-Electric-Curlers-Rechargeable-Heating%2Fdp%2FB0BF57PTVB%2Fref%3Dsr_1_34_sspa%3Fcrid%3D2ZG6O04W67003%26keywords%3Deyelash%2Bcurlers%26qid%3D1668802866%26sprefix%3Deyelash%2Bcurlers%252Caps%252C83%26sr%3D8-34-spons%26sp_csd%3Dd2lkZ2V0TmFtZT1zcF9tdGY%26psc%3D1,"Heated Eyelash Curler, Electric Eyelash Curlers, USB Rechargeable Eye Lash Curler with Comb, 3 Heating Modes Quick Natural Curling Eye Lashes for Long Lasting",Sponsored,4.4 out of 5 stars,42,$39.75 ,"FREE delivery Fri, Nov 25 Or fastest delivery Sun, Nov 20|",B0BF57PTVB,https://m.media-amazon.com/images/I/51ygCRfiYRL._AC_UL320_.jpg
915,https://www.amazon.com/sspa/click?ie=UTF8&spc=MTo3ODA5MTg0MDU1NjEyMDE1OjE2Njg4MDI4NjY6c3BfbXRmOjIwMDEwMzE3NzkwNTA5ODo6MDo6&url=%2FWet-Wild-Eyelash-Curler-Comfort%2Fdp%2FB08RRLJDGM%2Fref%3Dsr_1_35_sspa%3Fcrid%3D2ZG6O04W67003%26keywords%3Deyelash%2Bcurlers%26qid%3D1668802866%26sprefix%3Deyelash%2Bcurlers%252Caps%252C83%26sr%3D8-35-spons%26sp_csd%3Dd2lkZ2V0TmFtZT1zcF9tdGY%26psc%3D1,Wet n Wild High On Lash Eyelash Curler with Comfort Grip,Sponsored,4.3 out of 5 stars,"13,896",$2.18 ,"FREE delivery Fri, Nov 25 on $25 of items shipped by AmazonOr fastest delivery Mon, Nov 21|",B08RRLJDGM,https://m.media-amazon.com/images/I/713stoF0K6L._AC_UL320_.jpg
916,https://www.amazon.com/sspa/click?ie=UTF8&spc=MTo3ODA5MTg0MDU1NjEyMDE1OjE2Njg4MDI4NjY6c3BfbXRmOjIwMDA4MDgxMTI0Nzg5ODo6MDo6&url=%2FEyelash-Curlers-Refill-Pads-Women%2Fdp%2FB09229LXFZ%2Fref%3Dsr_1_36_sspa%3Fcrid%3D2ZG6O04W67003%26keywords%3Deyelash%2Bcurlers%26qid%3D1668802866%26sprefix%3Deyelash%2Bcurlers%252Caps%252C83%26sr%3D8-36-spons%26sp_csd%3Dd2lkZ2V0TmFtZT1zcF9tdGY%26psc%3D1%26smid%3DA3HH8TZBJZ4MNA,"Larbois Eyelash Curler with 5 Extra Refill Pads ＆ Velvet Bag, Professional Eye Lash Curler No Pinching, No Pain and No Pulling, Make up Tool for Perfect Curl in Seconds ( Rose Gold)",Sponsored,4.3 out of 5 stars,619,$6.99 ,"FREE delivery Fri, Nov 25 on $25 of items shipped by AmazonOr fastest delivery Sun, Nov 20|",B09229LXFZ,https://m.media-amazon.com/images/I/61dmiHIuEyL._AC_UL320_.jpg
917,https://www.amazon.com/Portable-Rechargeable-Temperature-Adjustable-Convenient/dp/B0BF521TPK/ref=sr_1_37?crid=2ZG6O04W67003&keywords=eyelash+curlers&qid=1668802866&sprefix=eyelash+curlers%2Caps%2C83&sr=8-37,"Heated Eyelash Curler, Portable USB Rechargeable, 4 Temperature Adjustable with LED Digital Display, Quick and Convenient Makeup and Beauty Eyelash Styling Tool",($15.99/Count),5.0 out of 5 stars,12,$15.99 ,FREE delivery on $25 shipped by Amazon.,B0BF521TPK,https://m.media-amazon.com/images/I/71v2rYWgcVL._AC_UL320_.jpg
918,https://www.amazon.com/Eyelash-Electric-Silicone-Natural-Eyelashes/dp/B0BFHLW7JW/ref=sr_1_38?crid=2ZG6O04W67003&keywords=eyelash+curlers&qid=1668802866&sprefix=eyelash+curlers%2Caps%2C83&sr=8-38,"Heated Eyelash Curler, Electric Eyelash Curler with Silicone Pad ,for Quick Natural Curling,Long Lasting Eyelashes Curl Tool (Pink)",($22.99/Count),5.0 out of 5 stars,28,$22.99 ,"FREE delivery Fri, Nov 25 on $25 of items shipped by AmazonOr fastest delivery Sun, Nov 20|",B0BFHLW7JW,https://m.media-amazon.com/images/I/41Shz-aeG0L._AC_UL320_.jpg
919,https://www.amazon.com/Seperator-Extension-Tweezers-Foldable-Eyelashes/dp/B0B2VT2G6T/ref=sr_1_39?crid=2ZG6O04W67003&keywords=eyelash+curlers&qid=1668802866&sprefix=eyelash+curlers%2Caps%2C83&sr=8-39,"Eyelash Curlers Kit for Women w Lash Curler, Eyelash Comb Seperator, 3 in1 Mascara Brushes, Eyelash Extension Tweezers, Foldable Eyebrow Brush and Comb, 10 Silicone Refills Pads for Natural Eyelashes",($9.99/Count),4.3 out of 5 stars,47,$9.99 ,"FREE delivery Fri, Nov 25 on $25 of items shipped by AmazonOr fastest delivery Sun, Nov 20|",B0B2VT2G6T,https://m.media-amazon.com/images/I/61lvsOpJTqL._AC_UL320_.jpg
920,https://www.amazon.com/Eyelash-Curlers-Refills-Eyelashes-Professional/dp/B0BBFSCDJ3/ref=sr_1_40?crid=2ZG6O04W67003&keywords=eyelash+curlers&qid=1668802866&sprefix=eyelash+curlers%2Caps%2C83&sr=8-40,"Eyelash Curlers with Comb,Pink Eyelash Curler with Built in Comb, Eyelash Curler with Brush,Eye Lash Curler with Eyelash Curler Refills ,Eyelashes Curler,The Professional Lash Tool .",($11.89/Count),3.2 out of 5 stars,44,$11.89 ,"FREE delivery Fri, Nov 25 on $25 of items shipped by AmazonOr fastest delivery Sun, Nov 20|",B0BBFSCDJ3,https://m.media-amazon.com/images/I/71n5BzfWeVL._AC_UL320_.jpg
921,https://www.amazon.com/Eyelash-Electric-Curlers-Rechargeable-EyeLashes/dp/B081T9DWQ7/ref=sr_1_41?crid=2ZG6O04W67003&keywords=eyelash+curlers&qid=1668802866&sprefix=eyelash+curlers%2Caps%2C83&sr=8-41,"DUST2OASIS Heated Eyelash Curler, Electric Eyelash Curlers, Rechargeable Lash Curler with Eyelash Comb for Makeup Natural Curling Eye Lashes and 24 Hours Long Lasting - Black 2022 Updated Model",3 Count (Pack of 1),3.8 out of 5 stars,"3,533",$18.99 ,"FREE delivery Fri, Nov 25 on $25 of items shipped by AmazonOr fastest delivery Sun, Nov 20|",B081T9DWQ7,https://m.media-amazon.com/images/I/51g4G9dMY9L._AC_UL320_.jpg
922,https://www.amazon.com/Eyelash-Curlers-Refill-Pads-Women/dp/B09229LXFZ/ref=sr_1_42?crid=2ZG6O04W67003&keywords=eyelash+curlers&qid=1668802866&sprefix=eyelash+curlers%2Caps%2C83&sr=8-42,"Larbois Eyelash Curler with 5 Extra Refill Pads ＆ Velvet Bag, Professional Eye Lash Curler No Pinching, No Pain and No Pulling, Make up Tool for Perfect Curl in Seconds ( Rose Gold)",6 Piece Set,4.3 out of 5 stars,619,$6.99 ,"FREE delivery Fri, Nov 25 on $25 of items shipped by AmazonOr fastest delivery Sun, Nov 20|",B09229LXFZ,https://m.media-amazon.com/images/I/61dmiHIuEyL._AC_UL320_.jpg
923,https://www.amazon.com/Eyelash-Curlers-IMMER-LIEBEN-Replacement/dp/B0B7DX9F89/ref=sr_1_43?crid=2ZG6O04W67003&keywords=eyelash+curlers&qid=1668802866&sprefix=eyelash+curlers%2Caps%2C83&sr=8-43,"Eyelash Curlers with Comb IMMER LIEBEN Lash Curler with 5 Replacement Refills, 3 Combs, 10 Seconds Curl and Lifted Lashes Black and Purple",($7.48/Ounce),3.9 out of 5 stars,38,$8.98 ,"FREE delivery Fri, Nov 25 on $25 of items shipped by AmazonOr fastest delivery Mon, Nov 21|",B0B7DX9F89,https://m.media-amazon.com/images/I/61JhjO0z9pL._AC_UL320_.jpg
924,https://www.amazon.com/REVLON-Triple-Stepped-Curler-3-0997E-11/dp/B082KZZHLQ/ref=sr_1_44?crid=2ZG6O04W67003&keywords=eyelash+curlers&qid=1668802866&rdc=1&sprefix=eyelash+curlers%2Caps%2C83&sr=8-44,REVLON Triple-Stepped Lash Curler,1 Count (Pack of 1),3.8 out of 5 stars,"1,174",$8.84 ,"FREE delivery Fri, Nov 25 on $25 of items shipped by AmazonOr fastest delivery Sun, Nov 20|",B082KZZHLQ,https://m.media-amazon.com/images/I/61zyVn+tHcL._AC_UL320_.jpg
925,https://www.amazon.com/Iconikal-Eyelash-Curler-Travel-4-Pack/dp/B08YFKFP48/ref=sr_1_45?crid=2ZG6O04W67003&keywords=eyelash+curlers&qid=1668802866&sprefix=eyelash+curlers%2Caps%2C83&sr=8-45,"Iconikal Eyelash Curler Set with Travel Siz, 4-Pack",($1.07/Count),4.4 out of 5 stars,39,$4.29 ,"FREE delivery Fri, Nov 25 on $25 of items shipped by AmazonOr fastest delivery Sun, Nov 20||Small Business|Small Business|Small Business|<img alt="""" src=""https://m.media-amazon.com/images/I/111mHoVK0kL._SS200_.png"" height=""50px"" width=""50px""/>  Small Business|<img alt="""" src=""https://m.media-amazon.com/images/I/111mHoVK0kL._SS200_.png"" height=""50px"" width=""50px""/>  Small Business",B08YFKFP48,https://m.media-amazon.com/images/I/61L9zrbrRdL._AC_UL320_.jpg|https://m.media-amazon.com/images/I/111mHoVK0kL._SS200_.png|
926,https://www.amazon.com/Eyelash-Premium-Perfect-Replacement-Curlers/dp/B08248VN92/ref=sr_1_46?crid=2ZG6O04W67003&keywords=eyelash+curlers&qid=1668802866&sprefix=eyelash+curlers%2Caps%2C83&sr=8-46,"Eyelash Curler Kit (Rose Gold), Premium Lash Curler for Perfect Lashes, Eye Lash Curler with 5 Eyelash Curler Replacement Pads, Universal Eye Lashes Curlers, Eyelash Curler for Women (Box Colors Vary)",8 Piece Set,4.4 out of 5 stars,"6,036",$11.99 ,"FREE delivery Fri, Nov 25 on $25 of items shipped by AmazonOr fastest delivery Sun, Nov 20||Small Business|Small Business|Small Business|<img alt="""" src=""https://m.media-amazon.com/images/I/111mHoVK0kL._SS200_.png"" height=""50px"" width=""50px""/>  Small Business|<img alt="""" src=""https://m.media-amazon.com/images/I/111mHoVK0kL._SS200_.png"" height=""50px"" width=""50px""/>  Small Business",B08248VN92,https://m.media-amazon.com/images/I/71DjBbdb96L._AC_UL320_.jpg|https://m.media-amazon.com/images/I/111mHoVK0kL._SS200_.png|
927,https://www.amazon.com/GreenLife%C2%AE-Silicone-Professional-Universal-Long-Lasting/dp/B09RBC6TVM/ref=sr_1_47?crid=2ZG6O04W67003&keywords=eyelash+curlers&qid=1668802866&sprefix=eyelash+curlers%2Caps%2C83&sr=8-47,"Eyelash Curler, GreenLife® Eyelash Curler with 6 Silicone Refill Pads Professional Makeup Tool Durable Lash Curler Fit Universal Eye Shapes Easily and Safely Get Long-Lasting Curl",($4.98/Count),3.8 out of 5 stars,83,$4.98 ,"FREE delivery Fri, Nov 25 on $25 of items shipped by AmazonOr fastest delivery Sun, Nov 20|",B09RBC6TVM,https://m.media-amazon.com/images/I/61sdhQjMwVL._AC_UL320_.jpg
928,https://www.amazon.com/Tweezerman-Merry-Berry-Lash-Set/dp/B09358HTT3/ref=sr_1_48?crid=2ZG6O04W67003&keywords=eyelash+curlers&qid=1668802866&sprefix=eyelash+curlers%2Caps%2C83&sr=8-48,Tweezerman Merry Berry Lash Set,($21.68/Count),4.6 out of 5 stars,126,$21.68 ,"FREE delivery Fri, Nov 25 on $25 of items shipped by AmazonOr fastest delivery Sun, Nov 20|",B09358HTT3,https://m.media-amazon.com/images/I/71WhlQwpmkS._AC_UL320_.jpg
929,https://www.amazon.com/Eyelash-Curler-Length-About-Japan/dp/B016QIAGXU/ref=sr_1_49?crid=2ZG6O04W67003&keywords=eyelash+curlers&qid=1668802866&sprefix=eyelash+curlers%2Caps%2C83&sr=8-49,"MUJI Eyelash Curler (New) Length of About 4 inch, Made in Japan",4 Inch (Pack of 1),4.3 out of 5 stars,106,$13.50 ,"FREE delivery Fri, Nov 25 on $25 of items shipped by AmazonOr fastest delivery Sun, Nov 20|",B016QIAGXU,https://m.media-amazon.com/images/I/51+cqgF3PWL._AC_UL320_.jpg
930,https://www.amazon.com/Kevyn-Aucoin-The-Eyelash-Curler/dp/B000Z5YCOA/ref=sr_1_50?crid=2ZG6O04W67003&keywords=eyelash+curlers&qid=1668802866&sprefix=eyelash+curlers%2Caps%2C83&sr=8-50,Kevyn Aucoin The Eyelash Curler,1 Count (Pack of 1),4.4 out of 5 stars,"1,719",$24.00 ,"FREE delivery Fri, Nov 25 on $25 of items shipped by AmazonOr fastest delivery Sun, Nov 20||Small Business|Small Business|Small Business|<img alt="""" src=""https://m.media-amazon.com/images/I/111mHoVK0kL._SS200_.png"" height=""50px"" width=""50px""/>  Small Business|<img alt="""" src=""https://m.media-amazon.com/images/I/111mHoVK0kL._SS200_.png"" height=""50px"" width=""50px""/>  Small Business",B000Z5YCOA,https://m.media-amazon.com/images/I/41wi+BUU8IL._AC_UL320_.jpg|https://m.media-amazon.com/images/I/111mHoVK0kL._SS200_.png|
931,https://www.amazon.com/AYASAL-Temperature-Clip-Type-Electric-Rechargeable/dp/B09YVN2JJ6/ref=sr_1_51?crid=2ZG6O04W67003&keywords=eyelash+curlers&qid=1668802866&sprefix=eyelash+curlers%2Caps%2C83&sr=8-51,"AYASAL Heated Eyelash Curlers, 3 Temperature Modes Heated Eyelash Curler, 48 Hours Long Lasting, Premium Heated Eyelash Curler for Women, Clip-Type Electric Rechargeable Heated Eyelash Curler.",($24.99/Count),4.1 out of 5 stars,477,$24.99 ,"FREE delivery Fri, Nov 25 on $25 of items shipped by AmazonOr fastest delivery Sun, Nov 20|",B09YVN2JJ6,https://m.media-amazon.com/images/I/71M58aK3GGL._AC_UL320_.jpg
932,https://www.amazon.com/Beauty-Eyelash-Curler-Special-Voluminous/dp/B0824P8JDD/ref=sr_1_52?crid=2ZG6O04W67003&keywords=eyelash+curlers&qid=1668802866&sprefix=eyelash+curlers%2Caps%2C83&sr=8-52,Eyelash Curler with Special Curved Design to Suit All Eye Shapes for Lashes That Appear Longer and More Voluminous,($8.73/Count),4.2 out of 5 stars,431,$8.73 ,"FREE delivery Fri, Nov 25 on $25 of items shipped by AmazonOr fastest delivery Sun, Nov 20|",B0824P8JDD,https://m.media-amazon.com/images/I/51mWHQsv8UL._AC_UL320_.jpg
933,https://www.amazon.com/Eyelash-Applicator-Grooming-Replacement-Silicone/dp/B0B51C5KRZ/ref=sr_1_53?crid=2ZG6O04W67003&keywords=eyelash+curlers&qid=1668802866&sprefix=eyelash+curlers%2Caps%2C83&sr=8-53,"Eyelash Curler Kit, Eyelash Applicator Tool, Eyelash Shield Applicator Guard Tool, Eyelash Grooming Brush and 6 Replacement Silicone Refill Pads, Eyelash Curler for Women",3 Piece Set,4.5 out of 5 stars,352,$8.99 ,"FREE delivery Fri, Nov 25 on $25 of items shipped by AmazonOr fastest delivery Sun, Nov 20|",B0B51C5KRZ,https://m.media-amazon.com/images/I/61iYJ07QEaL._AC_UL320_.jpg
934,https://www.amazon.com/Eyelash-Separator-MSQ-Designed-Cosmetic/dp/B0B2DH8WCG/ref=sr_1_54?crid=2ZG6O04W67003&keywords=eyelash+curlers&qid=1668802866&sprefix=eyelash+curlers%2Caps%2C83&sr=8-54,Eyelash Comb Separator MSQ Eyelash Eyebrow Brush Mascara Brush and Comb Lash Separator With Comb Cover Arc Designed Cosmetic Brushes Tool Pink (1PCS),($4.99/Count),4.3 out of 5 stars,"12,239",$4.99 ,"FREE delivery Fri, Nov 25 on $25 of items shipped by AmazonOr fastest delivery Tue, Nov 22|",B0B2DH8WCG,https://m.media-amazon.com/images/I/51iu4Rhnp6L._AC_UL320_.jpg
935,https://www.amazon.com/IYOCHO-Pcs-eyelash-curler-Beauty/dp/B09CHLWTBC/ref=sr_1_55?crid=2ZG6O04W67003&keywords=eyelash+curlers&qid=1668802866&sprefix=eyelash+curlers%2Caps%2C83&sr=8-55,"IYOCHO 1 pcs painless metal eyelash curler with 6 replaceable silicone pads, with 4 pcs makeup sponges beauty sponge blenders with 4 colors (1 eyelash curler+ 4 sponges+ 6 silicone pads)",($8.99/Count),4.5 out of 5 stars,165,$8.99 ,"FREE delivery Fri, Nov 25 on $25 of items shipped by AmazonOr fastest delivery Sun, Nov 20|",B09CHLWTBC,https://m.media-amazon.com/images/I/71kkocPB7ML._AC_UL320_.jpg
936,https://www.amazon.com/Eyelash-Rechargeable-Electric-Natural-Curling/dp/B0B8FRMC8X/ref=sr_1_56?crid=2ZG6O04W67003&keywords=eyelash+curlers&qid=1668802866&sprefix=eyelash+curlers%2Caps%2C83&sr=8-56,"Heated Eyelash Curler, USB Rechargeable Electric Eyelash Curler, Heated Lash Curler for Quick Natural Curling and 24 Hours Long Lasting, Best Gifts for Women, 2022 Updated Model",($18.98/Count),4.5 out of 5 stars,"1,106",$18.98 ,"FREE delivery Fri, Nov 25 on $25 of items shipped by AmazonOr fastest delivery Sun, Nov 20|",B0B8FRMC8X,https://m.media-amazon.com/images/I/61-BA36aRIL._AC_UL320_.jpg
937,https://www.amazon.com/CfoPiryx-Silicone-Replacement-Professional-Portable/dp/B0B6G59PXJ/ref=sr_1_57?crid=2ZG6O04W67003&keywords=eyelash+curlers&qid=1668802866&sprefix=eyelash+curlers%2Caps%2C83&sr=8-57,"CfoPiryx 5Pcs Eyelash Curler with Built in Comb, Lash Curler with 4 Extra Silicone Replacement Pads, Professional Makeup Tool Portable Compact Partial Makeup Curler(Size:5Pcs)","FREE delivery Fri, Nov 25 on $25 of items shipped by AmazonOr fastest delivery Sun, Nov 20",3.2 out of 5 stars,12,$6.99 ,"FREE delivery Fri, Nov 25 on $25 of items shipped by AmazonOr fastest delivery Sun, Nov 20|",B0B6G59PXJ,https://m.media-amazon.com/images/I/61qaD5yRAZL._AC_UL320_.jpg
938,https://www.amazon.com/Zowor-Eyelash-Silicone-Natural-Lasting/dp/B0B6TWPDV8/ref=sr_1_58?crid=2ZG6O04W67003&keywords=eyelash+curlers&qid=1668802866&sprefix=eyelash+curlers%2Caps%2C83&sr=8-58,"Zowor Eyelash Curler with 5PCS Silicone Refill Pad Fit All Eye Shape Curved Eyelash Curler,Natural and Long Lasting Lash Curler for Women Make Up Gift(Light Pink)",5 Piece Set,3.9 out of 5 stars,226,$8.99 ,"FREE delivery Fri, Nov 25 on $25 of items shipped by AmazonOr fastest delivery Tue, Nov 22|",B0B6TWPDV8,https://m.media-amazon.com/images/I/61JtWNcfGOL._AC_UL320_.jpg
939,https://www.amazon.com/Eyelash-Portable-Silicone-Dramatically-Eyelashes/dp/B08NX156FF/ref=sr_1_59?crid=2ZG6O04W67003&keywords=eyelash+curlers&qid=1668802866&sprefix=eyelash+curlers%2Caps%2C83&sr=8-59,Eyelash Curler Professional Lash Curler Tool with 4 Extra Silicone Replacement Pads Portable Plastic Eye Lash Curler in Beauty & Personal Care Eyelash Curlers Green,6 Piece Set,3.8 out of 5 stars,81,$9.99 ,"FREE delivery Fri, Nov 25 on $25 of items shipped by AmazonOr fastest delivery Sun, Nov 20|",B08NX156FF,https://m.media-amazon.com/images/I/71NrLuHSWGL._AC_UL320_.jpg
940,https://www.amazon.com/Sibba-Professional-Silicone-Replacement-Gold/dp/B09WYJNZ7S/ref=sr_1_60?crid=2ZG6O04W67003&keywords=eyelash+curlers&qid=1668802866&sprefix=eyelash+curlers%2Caps%2C83&sr=8-60,"Sibba Professional Eyelash Curler, Lash Curler with 10 Extra Silicone Replacement Pads for Women Girls No Pinching or Pulling Fit All Eye Shapes (Gold)",($4.99/Count),4.1 out of 5 stars,46,$4.99 ,"FREE delivery Fri, Nov 25 on $25 of items shipped by AmazonOr fastest delivery Sun, Nov 20|",B09WYJNZ7S,https://m.media-amazon.com/images/I/61TcdlWYSzL._AC_UL320_.jpg
941,https://www.amazon.com/sspa/click?ie=UTF8&spc=MToxOTU1NzI3NzAzMjY1OTIzOjE2Njg4MDI4NjY6c3Bfc2VhcmNoX3RoZW1hdGljX2J0ZjoyMDAwNjQ5OTU1Mjg5OTg6OjA6Og&url=%2FHOCOSY-Extension-Tweezers-Silicone-Eyelashes%2Fdp%2FB089VQXGXJ%2Fref%3Dsxbs_pa_sp_search_thematic_btf_sspa%3Fcontent-id%3Damzn1.sym.58cc9a81-ce69-447f-ae9a-f946e256a203%253Aamzn1.sym.58cc9a81-ce69-447f-ae9a-f946e256a203%26crid%3D2ZG6O04W67003%26cv_ct_cx%3Deyelash%2Bcurlers%26keywords%3Deyelash%2Bcurlers%26pd_rd_i%3DB089VQXGXJ%26pd_rd_r%3D2cfa1bf3-f905-4e2c-9cd1-e560fdc56723%26pd_rd_w%3DnzxM7%26pd_rd_wg%3DhJvF4%26pf_rd_p%3D58cc9a81-ce69-447f-ae9a-f946e256a203%26pf_rd_r%3D4DE97DV1DZDS6K98HFNC%26qid%3D1668802866%26sprefix%3Deyelash%2Bcurlers%252Caps%252C83%26sr%3D1-1-5434e42d-8be2-4d7d-bf67-67dd4fa72054-spons%26sp_csd%3Dd2lkZ2V0TmFtZT1zcF9zZWFyY2hfdGhlbWF0aWNfYnRm%26psc%3D1,"Eyelash Curler , HOCOSY 4 in 1 Eyelash Curlers Kit for Women Includes Lash Curler, Eyelash Brush, Eyelash Extension Tweezers, Eyebrow Brush and Comb, Silicone Refill Pads for Natural Eyelashes",Sponsored,4.5 out of 5 stars|4.7 out of 5 stars|4.5 out of 5 stars|4.3 out of 5 stars|4.1 out of 5 stars,"1,699|232|155|6,515|26",$11.99 ,,,https://m.media-amazon.com/images/I/61-0MQ8WuZL._AC_UL320_.jpg|https://m.media-amazon.com/images/I/31i4pDAXWvL._AC_UL320_.jpg|https://m.media-amazon.com/images/I/61yJNt134JS._AC_UL320_.jpg|https://m.media-amazon.com/images/I/71WTgv7-U+L._AC_UL320_.jpg|https://m.media-amazon.com/images/I/71nzXHB-wuL._AC_UL320_.jpg
942,https://www.amazon.com/sspa/click?ie=UTF8&spc=MToxOTU1NzI3NzAzMjY1OTIzOjE2Njg4MDI4NjY6c3Bfc2VhcmNoX3RoZW1hdGljX2J0ZjoyMDAwNjQ5OTU1Mjg5OTg6OjA6Og&url=%2FHOCOSY-Extension-Tweezers-Silicone-Eyelashes%2Fdp%2FB089VQXGXJ%2Fref%3Dsxbs_pa_sp_search_thematic_btf_sspa%3Fcontent-id%3Damzn1.sym.58cc9a81-ce69-447f-ae9a-f946e256a203%253Aamzn1.sym.58cc9a81-ce69-447f-ae9a-f946e256a203%26crid%3D2ZG6O04W67003%26cv_ct_cx%3Deyelash%2Bcurlers%26keywords%3Deyelash%2Bcurlers%26pd_rd_i%3DB089VQXGXJ%26pd_rd_r%3D2cfa1bf3-f905-4e2c-9cd1-e560fdc56723%26pd_rd_w%3DnzxM7%26pd_rd_wg%3DhJvF4%26pf_rd_p%3D58cc9a81-ce69-447f-ae9a-f946e256a203%26pf_rd_r%3D4DE97DV1DZDS6K98HFNC%26qid%3D1668802866%26sprefix%3Deyelash%2Bcurlers%252Caps%252C83%26sr%3D1-1-5434e42d-8be2-4d7d-bf67-67dd4fa72054-spons%26sp_csd%3Dd2lkZ2V0TmFtZT1zcF9zZWFyY2hfdGhlbWF0aWNfYnRm%26psc%3D1,"Eyelash Curler , HOCOSY 4 in 1 Eyelash Curlers Kit for Women Includes Lash Curler, Eyelash Brush, Eyelash Extension Tweezers, Eyebrow Brush and Comb, Silicone Refill Pads for Natural Eyelashes",Sponsored,4.5 out of 5 stars,"1,699",$11.99 ,,B089VQXGXJ,https://m.media-amazon.com/images/I/61-0MQ8WuZL._AC_UL320_.jpg
943,https://www.amazon.com/sspa/click?ie=UTF8&spc=MToxOTU1NzI3NzAzMjY1OTIzOjE2Njg4MDI4NjY6c3Bfc2VhcmNoX3RoZW1hdGljX2J0Zjo6OjE6QjAwS0ZQOVhNNjpzZWFyY2g&url=%2FSHU-UEMURA-EYELASH-CURLER-2Boxes%2Fdp%2FB00KFP9XM6%2Fref%3Dsxbs_pa_sp_search_thematic_btf_sspa%3Fcontent-id%3Damzn1.sym.58cc9a81-ce69-447f-ae9a-f946e256a203%253Aamzn1.sym.58cc9a81-ce69-447f-ae9a-f946e256a203%26crid%3D2ZG6O04W67003%26cv_ct_cx%3Deyelash%2Bcurlers%26keywords%3Deyelash%2Bcurlers%26pd_rd_i%3DB00KFP9XM6%26pd_rd_r%3D2cfa1bf3-f905-4e2c-9cd1-e560fdc56723%26pd_rd_w%3DnzxM7%26pd_rd_wg%3DhJvF4%26pf_rd_p%3D58cc9a81-ce69-447f-ae9a-f946e256a203%26pf_rd_r%3D4DE97DV1DZDS6K98HFNC%26qid%3D1668802866%26sprefix%3Deyelash%2Bcurlers%252Caps%252C83%26sr%3D1-2-5434e42d-8be2-4d7d-bf67-67dd4fa72054-spons%26sp_csd%3Dd2lkZ2V0TmFtZT1zcF9zZWFyY2hfdGhlbWF0aWNfYnRm%26psc%3D1,SHU UEMURA Eyelash Curler N 2Boxes (Japan Import),2 Count (Pack of 1),4.7 out of 5 stars,232,$37.99 ,,B00KFP9XM6,https://m.media-amazon.com/images/I/31i4pDAXWvL._AC_UL320_.jpg
944,https://www.amazon.com/sspa/click?ie=UTF8&spc=MToxOTU1NzI3NzAzMjY1OTIzOjE2Njg4MDI4NjY6c3Bfc2VhcmNoX3RoZW1hdGljX2J0Zjo6OjI6QjA5NkRGQ1kzUTpzZWFyY2g&url=%2FSilicone-Eyelash-Perming-Reusable-Lifting%2Fdp%2FB096DFCY3Q%2Fref%3Dsxbs_pa_sp_search_thematic_btf_sspa%3Fcontent-id%3Damzn1.sym.58cc9a81-ce69-447f-ae9a-f946e256a203%253Aamzn1.sym.58cc9a81-ce69-447f-ae9a-f946e256a203%26crid%3D2ZG6O04W67003%26cv_ct_cx%3Deyelash%2Bcurlers%26keywords%3Deyelash%2Bcurlers%26pd_rd_i%3DB096DFCY3Q%26pd_rd_r%3D2cfa1bf3-f905-4e2c-9cd1-e560fdc56723%26pd_rd_w%3DnzxM7%26pd_rd_wg%3DhJvF4%26pf_rd_p%3D58cc9a81-ce69-447f-ae9a-f946e256a203%26pf_rd_r%3D4DE97DV1DZDS6K98HFNC%26qid%3D1668802866%26sprefix%3Deyelash%2Bcurlers%252Caps%252C83%26sr%3D1-3-5434e42d-8be2-4d7d-bf67-67dd4fa72054-spons%26sp_csd%3Dd2lkZ2V0TmFtZT1zcF9zZWFyY2hfdGhlbWF0aWNfYnRm%26psc%3D1,"44 Piece Lash Lift Rods,Silicone Eyelash Perming Curler Makeup Tools,5 sizes S/M/M1/M2/L,Reusable Lash Lifting Pads (Green)",44 Piece Assortment,4.5 out of 5 stars,155,$4.99 ,,B096DFCY3Q,https://m.media-amazon.com/images/I/61yJNt134JS._AC_UL320_.jpg
945,https://www.amazon.com/sspa/click?ie=UTF8&spc=MToxOTU1NzI3NzAzMjY1OTIzOjE2Njg4MDI4NjY6c3Bfc2VhcmNoX3RoZW1hdGljX2J0Zjo6OjM6QjA5VDJTV0NNQjpzZWFyY2g&url=%2FEyelash-Curler-Docolor-Replacement-Applicator%2Fdp%2FB09T2SWCMB%2Fref%3Dsxbs_pa_sp_search_thematic_btf_sspa%3Fcontent-id%3Damzn1.sym.58cc9a81-ce69-447f-ae9a-f946e256a203%253Aamzn1.sym.58cc9a81-ce69-447f-ae9a-f946e256a203%26crid%3D2ZG6O04W67003%26cv_ct_cx%3Deyelash%2Bcurlers%26keywords%3Deyelash%2Bcurlers%26pd_rd_i%3DB09T2SWCMB%26pd_rd_r%3D2cfa1bf3-f905-4e2c-9cd1-e560fdc56723%26pd_rd_w%3DnzxM7%26pd_rd_wg%3DhJvF4%26pf_rd_p%3D58cc9a81-ce69-447f-ae9a-f946e256a203%26pf_rd_r%3D4DE97DV1DZDS6K98HFNC%26qid%3D1668802866%26sprefix%3Deyelash%2Bcurlers%252Caps%252C83%26sr%3D1-4-5434e42d-8be2-4d7d-bf67-67dd4fa72054-spons%26sp_csd%3Dd2lkZ2V0TmFtZT1zcF9zZWFyY2hfdGhlbWF0aWNfYnRm%26psc%3D1,"Eyelash Curler Kit , Docolor 4 in 1 Lash Curler Kit with 6 Extra Replacement Refill Pads Eyelash Applicator Makeup Tool",($12.99/Count),4.3 out of 5 stars,"6,515",$12.99 ,,B09T2SWCMB,https://m.media-amazon.com/images/I/71WTgv7-U+L._AC_UL320_.jpg
946,https://www.amazon.com/sspa/click?ie=UTF8&spc=MToxOTU1NzI3NzAzMjY1OTIzOjE2Njg4MDI4NjY6c3Bfc2VhcmNoX3RoZW1hdGljX2J0Zjo6OjQ6QjBCNzk5UFJNMTpzZWFyY2g&url=%2FEyelash-Curlers-Temperature-Control-Electric%2Fdp%2FB0B799PRM1%2Fref%3Dsxbs_pa_sp_search_thematic_btf_sspa%3Fcontent-id%3Damzn1.sym.58cc9a81-ce69-447f-ae9a-f946e256a203%253Aamzn1.sym.58cc9a81-ce69-447f-ae9a-f946e256a203%26crid%3D2ZG6O04W67003%26cv_ct_cx%3Deyelash%2Bcurlers%26keywords%3Deyelash%2Bcurlers%26pd_rd_i%3DB0B799PRM1%26pd_rd_r%3D2cfa1bf3-f905-4e2c-9cd1-e560fdc56723%26pd_rd_w%3DnzxM7%26pd_rd_wg%3DhJvF4%26pf_rd_p%3D58cc9a81-ce69-447f-ae9a-f946e256a203%26pf_rd_r%3D4DE97DV1DZDS6K98HFNC%26qid%3D1668802866%26sprefix%3Deyelash%2Bcurlers%252Caps%252C83%26sr%3D1-5-5434e42d-8be2-4d7d-bf67-67dd4fa72054-spons%26sp_csd%3Dd2lkZ2V0TmFtZT1zcF9zZWFyY2hfdGhlbWF0aWNfYnRm%26psc%3D1,"Heated Eyelash Curlers with Smart Temperature Control, Electric Eyelash Curler for Women's Makeup Natural Curling Eye Lashes and 24 Hours Long Lasting",($10.49/Ounce),4.1 out of 5 stars,26,$9.99 ,,B0B799PRM1,https://m.media-amazon.com/images/I/71nzXHB-wuL._AC_UL320_.jpg
954,https://www.amazon.com/sspa/click?ie=UTF8&spc=MToxODc2MjAzOTE5NzkzNzI2OjE2Njg4MDMwMDA6c3BfYXRmOjIwMDA3Njc0NTMyMjI5ODo6MDo6&url=%2FSetSail-Tweezers-Precision-Professional-Stainless%2Fdp%2FB0B3DT2JVV%2Fref%3Dsr_1_1_sspa%3Fcrid%3D27KFZQ2CRFME8%26keywords%3Dtweezers%26qid%3D1668803000%26sprefix%3Dtweezers%252Caps%252C95%26sr%3D8-1-spons%26sp_csd%3Dd2lkZ2V0TmFtZT1zcF9hdGY%26psc%3D1,"SetSail Tweezers, 7 Pack Precision Tweezers for Women Best Professional Stainless Steel Eyebrow kits with Case for Shaping Eyebrows, Hair Removal",Featured from our brands,4.6 out of 5 stars,140,$5.99 ,"FREE delivery Fri, Nov 25 on $25 of items shipped by AmazonOr fastest delivery Sun, Nov 20|",B0B3DT2JVV,https://m.media-amazon.com/images/I/71FCGinVtpL._AC_UL320_.jpg
955,https://www.amazon.com/sspa/click?ie=UTF8&spc=MToxODc2MjAzOTE5NzkzNzI2OjE2Njg4MDMwMDA6c3BfYXRmOjIwMDA5NTczMzU2MDk5ODo6MDo6&url=%2FNylea-Tweezers-Nail-Clippers-Women%2Fdp%2FB08XZPQVZF%2Fref%3Dsr_1_2_sspa%3Fcrid%3D27KFZQ2CRFME8%26keywords%3Dtweezers%26qid%3D1668803000%26sprefix%3Dtweezers%252Caps%252C95%26sr%3D8-2-spons%26sp_csd%3Dd2lkZ2V0TmFtZT1zcF9hdGY%26psc%3D1,Nylea Professional Tweezers Set and Nail Clippers for Men and Women [Perfect Alignment / Grip] Best Precision Stainless Steel Kit for Ingrown Hair Eyebrows Facial Hair Splinter and Eyelashes 9pcs,Sponsored,4.6 out of 5 stars,"3,544",$16.99 ,"FREE delivery Fri, Nov 25 on $25 of items shipped by AmazonOr fastest delivery Sun, Nov 20||Small Business|Small Business|Small Business|<img alt="""" src=""https://m.media-amazon.com/images/I/111mHoVK0kL._SS200_.png"" height=""50px"" width=""50px""/>  Small Business|<img alt="""" src=""https://m.media-amazon.com/images/I/111mHoVK0kL._SS200_.png"" height=""50px"" width=""50px""/>  Small Business",B08XZPQVZF,https://m.media-amazon.com/images/I/71g5qwZPMfL._AC_UL320_.jpg|https://m.media-amazon.com/images/I/111mHoVK0kL._SS200_.png|
956,https://www.amazon.com/sspa/click?ie=UTF8&spc=MToxODc2MjAzOTE5NzkzNzI2OjE2Njg4MDMwMDA6c3BfYXRmOjIwMDA4MzY4NTY1NjI5ODo6MDo6&url=%2FLUDOUPIER-Precision-Professional-Anti-rust-Multi-purpose%2Fdp%2FB07SSXX8MT%2Fref%3Dsr_1_3_sspa%3Fcrid%3D27KFZQ2CRFME8%26keywords%3Dtweezers%26qid%3D1668803000%26sprefix%3Dtweezers%252Caps%252C95%26sr%3D8-3-spons%26sp_csd%3Dd2lkZ2V0TmFtZT1zcF9hdGY%26psc%3D1,"LUDOUPIER [4+1 Pieces] Tweezers Set with Travel Case, Great Precision Upgrade Professional Anti-rust Alloy Tweezers for Women & Men, Multi-purpose as Eyebrows Facial Hair Ingrown Hair Removal",Sponsored,4.6 out of 5 stars,"28,001",$9.85 ,"FREE delivery Fri, Nov 25 on $25 of items shipped by AmazonOr fastest delivery Sun, Nov 20|",B07SSXX8MT,https://m.media-amazon.com/images/I/61HvkcZfzfL._AC_UL320_.jpg
957,https://www.amazon.com/sspa/click?ie=UTF8&spc=MToxODc2MjAzOTE5NzkzNzI2OjE2Njg4MDMwMDA6c3BfYXRmOjIwMDAxNjM2NDc0NDMzMTo6MDo6&url=%2FTweezers-Set-Professional-Eyebrows%2Fdp%2FB07QSY7XK6%2Fref%3Dsr_1_4_sspa%3Fcrid%3D27KFZQ2CRFME8%26keywords%3Dtweezers%26qid%3D1668803000%26sprefix%3Dtweezers%252Caps%252C95%26sr%3D8-4-spons%26sp_csd%3Dd2lkZ2V0TmFtZT1zcF9hdGY%26psc%3D1%26smid%3DA3RM8GJ9VVPAS0,"Pefei Tweezers Set - Professional Stainless Steel Tweezers for Eyebrows - Great Precision for Facial Hair, Splinter and Ingrown Hair Removal (Black)",Sponsored,4.5 out of 5 stars,"47,182",$9.99 ,"FREE delivery Fri, Nov 25 on $25 of items shipped by AmazonOr fastest delivery Sun, Nov 20|",B07QSY7XK6,https://m.media-amazon.com/images/I/71ZdPy+CLaL._AC_UL320_.jpg
958,https://www.amazon.com/Tweezers-Eyebrows-Precision-Splinter-HAWATOUR/dp/B08TBMCR32/ref=sr_1_5?crid=27KFZQ2CRFME8&keywords=tweezers&qid=1668803000&sprefix=tweezers%2Caps%2C95&sr=8-5,"Tweezers Set, 4Pcs Eyebrows Tweezers and a Pair of Scissor with Leather Case, Great Precision for Eyebrow, Ingrown Hair, Splinter, Facial Hair Removal By HAWATOUR - Multi-Color",($5.09/Count),4.5 out of 5 stars,"3,589",$5.09 ,"FREE delivery Fri, Nov 25 on $25 of items shipped by AmazonOr fastest delivery Sun, Nov 20|",B08TBMCR32,https://m.media-amazon.com/images/I/71eDbfDDrgL._AC_UL320_.jpg
959,https://www.amazon.com/Slant-Tweezers-Professional-Stainless-Precision/dp/B016LI8E4S/ref=sr_1_6?crid=27KFZQ2CRFME8&keywords=tweezers&qid=1668803000&sprefix=tweezers%2Caps%2C95&sr=8-6,Tweezer Guru Tweezers for Women - Slant Pointed Precision Tweezers for Eyebrows & Ingrown Hair Removal - Blackhead and Splinter Tweezer with Sharp Needle Nose Point for Plucking (Black),($8.59/Count),4.4 out of 5 stars,"54,653",$8.59 ,"FREE delivery Fri, Nov 25 on $25 of items shipped by AmazonOr fastest delivery Sun, Nov 20|",B016LI8E4S,https://m.media-amazon.com/images/I/61kemeq-x-S._AC_UL320_.jpg
960,https://www.amazon.com/Revlon-Expert-Tweezer-Slant-Tip/dp/B0000532A2/ref=sr_1_7?crid=27KFZQ2CRFME8&keywords=tweezers&qid=1668803000&sprefix=tweezers%2Caps%2C95&sr=8-7,"Expert Eyebrow Hair Removal Tweezer by Revlon, Tweezers for Men, Women & Kids, Stainless Steel",1 Count (Pack of 1),4.6 out of 5 stars,"35,526",$5.98 ,"FREE delivery Tue, Nov 29 on $25 of items shipped by AmazonOr fastest delivery Mon, Nov 21|",B0000532A2,https://m.media-amazon.com/images/I/41atcwtbaGL._AC_UL320_.jpg
961,https://www.amazon.com/sspa/click?ie=UTF8&spc=MToxMjI4MDkzNjc0NDkzMjM4OjE2Njg4MDMwMDA6c3Bfc2VhcmNoX3RoZW1hdGljOjIwMDA4MzY4NTY1NjI5ODo6MDo6&url=%2FLUDOUPIER-Precision-Professional-Anti-rust-Multi-purpose%2Fdp%2FB07SSXX8MT%2Fref%3Dsxin_16_pa_sp_search_thematic_sspa%3Fcontent-id%3Damzn1.sym.4e7a2229-074e-44de-95c4-9fd858f46295%253Aamzn1.sym.4e7a2229-074e-44de-95c4-9fd858f46295%26crid%3D27KFZQ2CRFME8%26cv_ct_cx%3Dtweezers%26keywords%3Dtweezers%26pd_rd_i%3DB07SSXX8MT%26pd_rd_r%3Dcfdbb37b-6b90-45e3-994d-56cf724723d5%26pd_rd_w%3DTdA3l%26pd_rd_wg%3D4Gnq6%26pf_rd_p%3D4e7a2229-074e-44de-95c4-9fd858f46295%26pf_rd_r%3D8GYAJEBVAXH069CGYHAF%26qid%3D1668803000%26sprefix%3Dtweezers%252Caps%252C95%26sr%3D1-1-a73d1c8c-2fd2-4f19-aa41-2df022bcb241-spons%26sp_csd%3Dd2lkZ2V0TmFtZT1zcF9zZWFyY2hfdGhlbWF0aWM%26psc%3D1,"LUDOUPIER [4+1 Pieces] Tweezers Set with Travel Case, Great Precision Upgrade Professional Anti-rust Alloy Tweezers for Women & Men, Multi-purpose as Eyebrows Facial Hair Ingrown Hair Removal",Sponsored | Based on star rating and number of customer ratings,4.6 out of 5 stars|4.5 out of 5 stars|4.3 out of 5 stars|4.3 out of 5 stars|4.4 out of 5 stars,"28,001|47,182|3,307|1,504|54,653",$9.85 ,"Small Business|Small Business|Small Business|<img alt="""" src=""https://m.media-amazon.com/images/I/111mHoVK0kL._SS200_.png"" height=""50px"" width=""50px""/>  Small Business|<img alt="""" src=""https://m.media-amazon.com/images/I/111mHoVK0kL._SS200_.png"" height=""50px"" width=""50px""/>  Small Business|Small Business|Small Business|Small Business|<img alt="""" src=""https://m.media-amazon.com/images/I/111mHoVK0kL._SS200_.png"" height=""50px"" width=""50px""/>  Small Business|<img alt="""" src=""https://m.media-amazon.com/images/I/111mHoVK0kL._SS200_.png"" height=""50px"" width=""50px""/>  Small Business",,https://m.media-amazon.com/images/I/61HvkcZfzfL._AC_UL320_.jpg|https://m.media-amazon.com/images/I/71ZdPy+CLaL._AC_UL320_.jpg|https://m.media-amazon.com/images/I/310SregBujL._AC_UL320_.jpg|https://m.media-amazon.com/images/I/111mHoVK0kL._SS200_.png||https://m.media-amazon.com/images/I/81aYUzRr9ML._AC_UL320_.jpg|https://m.media-amazon.com/images/I/111mHoVK0kL._SS200_.png||https://m.media-amazon.com/images/I/41HHoWr83TL._AC_UL320_.jpg
962,https://www.amazon.com/sspa/click?ie=UTF8&spc=MToxMjI4MDkzNjc0NDkzMjM4OjE2Njg4MDMwMDA6c3Bfc2VhcmNoX3RoZW1hdGljOjIwMDA4MzY4NTY1NjI5ODo6MDo6&url=%2FLUDOUPIER-Precision-Professional-Anti-rust-Multi-purpose%2Fdp%2FB07SSXX8MT%2Fref%3Dsxin_16_pa_sp_search_thematic_sspa%3Fcontent-id%3Damzn1.sym.4e7a2229-074e-44de-95c4-9fd858f46295%253Aamzn1.sym.4e7a2229-074e-44de-95c4-9fd858f46295%26crid%3D27KFZQ2CRFME8%26cv_ct_cx%3Dtweezers%26keywords%3Dtweezers%26pd_rd_i%3DB07SSXX8MT%26pd_rd_r%3Dcfdbb37b-6b90-45e3-994d-56cf724723d5%26pd_rd_w%3DTdA3l%26pd_rd_wg%3D4Gnq6%26pf_rd_p%3D4e7a2229-074e-44de-95c4-9fd858f46295%26pf_rd_r%3D8GYAJEBVAXH069CGYHAF%26qid%3D1668803000%26sprefix%3Dtweezers%252Caps%252C95%26sr%3D1-1-a73d1c8c-2fd2-4f19-aa41-2df022bcb241-spons%26sp_csd%3Dd2lkZ2V0TmFtZT1zcF9zZWFyY2hfdGhlbWF0aWM%26psc%3D1,"LUDOUPIER [4+1 Pieces] Tweezers Set with Travel Case, Great Precision Upgrade Professional Anti-rust Alloy Tweezers for Women & Men, Multi-purpose as Eyebrows Facial Hair Ingrown Hair Removal",4 Piece Set,4.6 out of 5 stars,"28,001",$9.85 ,,B07SSXX8MT,https://m.media-amazon.com/images/I/61HvkcZfzfL._AC_UL320_.jpg
963,https://www.amazon.com/sspa/click?ie=UTF8&spc=MToxMjI4MDkzNjc0NDkzMjM4OjE2Njg4MDMwMDA6c3Bfc2VhcmNoX3RoZW1hdGljOjIwMDAxNjM2NDc0NDMzMTo6MTo6&url=%2FTweezers-Set-Professional-Eyebrows%2Fdp%2FB07QSY7XK6%2Fref%3Dsxin_16_pa_sp_search_thematic_sspa%3Fcontent-id%3Damzn1.sym.4e7a2229-074e-44de-95c4-9fd858f46295%253Aamzn1.sym.4e7a2229-074e-44de-95c4-9fd858f46295%26crid%3D27KFZQ2CRFME8%26cv_ct_cx%3Dtweezers%26keywords%3Dtweezers%26pd_rd_i%3DB07QSY7XK6%26pd_rd_r%3Dcfdbb37b-6b90-45e3-994d-56cf724723d5%26pd_rd_w%3DTdA3l%26pd_rd_wg%3D4Gnq6%26pf_rd_p%3D4e7a2229-074e-44de-95c4-9fd858f46295%26pf_rd_r%3D8GYAJEBVAXH069CGYHAF%26qid%3D1668803000%26sprefix%3Dtweezers%252Caps%252C95%26sr%3D1-2-a73d1c8c-2fd2-4f19-aa41-2df022bcb241-spons%26sp_csd%3Dd2lkZ2V0TmFtZT1zcF9zZWFyY2hfdGhlbWF0aWM%26psc%3D1%26smid%3DA3RM8GJ9VVPAS0,"Pefei Tweezers Set - Professional Stainless Steel Tweezers for Eyebrows - Great Precision for Facial Hair, Splinter and Ingrown Hair Removal (Black)",10% coupon applied at checkoutSave 10%  with coupon,4.5 out of 5 stars,"47,182",$9.99 ,,B07QSY7XK6,https://m.media-amazon.com/images/I/71ZdPy+CLaL._AC_UL320_.jpg
964,https://www.amazon.com/sspa/click?ie=UTF8&spc=MToxMjI4MDkzNjc0NDkzMjM4OjE2Njg4MDMwMDA6c3Bfc2VhcmNoX3RoZW1hdGljOjIwMDA5MjExMzEwNDc5ODo6Mjo6&url=%2FSharp-Eyebrow-Tweezer-Women-Men%2Fdp%2FB00TECXYE4%2Fref%3Dsxin_16_pa_sp_search_thematic_sspa%3Fcontent-id%3Damzn1.sym.4e7a2229-074e-44de-95c4-9fd858f46295%253Aamzn1.sym.4e7a2229-074e-44de-95c4-9fd858f46295%26crid%3D27KFZQ2CRFME8%26cv_ct_cx%3Dtweezers%26keywords%3Dtweezers%26pd_rd_i%3DB00TECXYE4%26pd_rd_r%3Dcfdbb37b-6b90-45e3-994d-56cf724723d5%26pd_rd_w%3DTdA3l%26pd_rd_wg%3D4Gnq6%26pf_rd_p%3D4e7a2229-074e-44de-95c4-9fd858f46295%26pf_rd_r%3D8GYAJEBVAXH069CGYHAF%26qid%3D1668803000%26sprefix%3Dtweezers%252Caps%252C95%26sr%3D1-3-a73d1c8c-2fd2-4f19-aa41-2df022bcb241-spons%26sp_csd%3Dd2lkZ2V0TmFtZT1zcF9zZWFyY2hfdGhlbWF0aWM%26psc%3D1,"Professional Eyebrow Tweezers for Women - Tweezers Precision with Brow Brush - Sharp, Slant Tip for Eyebrow Plucking, Ingrown Hair, Facial Hair, Wig, Chin Hair Removal Tweezers for Men Stainless Steel",1 Count (Pack of 1),4.3 out of 5 stars,"3,307",$12.99 ,"Small Business|Small Business|Small Business|<img alt="""" src=""https://m.media-amazon.com/images/I/111mHoVK0kL._SS200_.png"" height=""50px"" width=""50px""/>  Small Business|<img alt="""" src=""https://m.media-amazon.com/images/I/111mHoVK0kL._SS200_.png"" height=""50px"" width=""50px""/>  Small Business",B00TECXYE4,https://m.media-amazon.com/images/I/310SregBujL._AC_UL320_.jpg|https://m.media-amazon.com/images/I/111mHoVK0kL._SS200_.png|
965,https://www.amazon.com/sspa/click?ie=UTF8&spc=MToxMjI4MDkzNjc0NDkzMjM4OjE2Njg4MDMwMDA6c3Bfc2VhcmNoX3RoZW1hdGljOjIwMDA4MDYxNjE4NDg5ODo6Mzo6&url=%2FRegine-Switzerland-Stainless-Professional-Precision%2Fdp%2FB0777SHCMG%2Fref%3Dsxin_16_pa_sp_search_thematic_sspa%3Fcontent-id%3Damzn1.sym.4e7a2229-074e-44de-95c4-9fd858f46295%253Aamzn1.sym.4e7a2229-074e-44de-95c4-9fd858f46295%26crid%3D27KFZQ2CRFME8%26cv_ct_cx%3Dtweezers%26keywords%3Dtweezers%26pd_rd_i%3DB0777SHCMG%26pd_rd_r%3Dcfdbb37b-6b90-45e3-994d-56cf724723d5%26pd_rd_w%3DTdA3l%26pd_rd_wg%3D4Gnq6%26pf_rd_p%3D4e7a2229-074e-44de-95c4-9fd858f46295%26pf_rd_r%3D8GYAJEBVAXH069CGYHAF%26qid%3D1668803000%26sprefix%3Dtweezers%252Caps%252C95%26sr%3D1-4-a73d1c8c-2fd2-4f19-aa41-2df022bcb241-spons%26sp_csd%3Dd2lkZ2V0TmFtZT1zcF9zZWFyY2hfdGhlbWF0aWM%26psc%3D1,"Regine Switzerland Slant Tweezer - Handmade in Switzerland - Professional Eyebrow, Facial & Hair Remover - Etched Interior Tip to Grab Hair From the Root - Perfectly Aligned Tips - Stainless Steel",,4.3 out of 5 stars,"1,504",$44.99 ,"Small Business|Small Business|Small Business|<img alt="""" src=""https://m.media-amazon.com/images/I/111mHoVK0kL._SS200_.png"" height=""50px"" width=""50px""/>  Small Business|<img alt="""" src=""https://m.media-amazon.com/images/I/111mHoVK0kL._SS200_.png"" height=""50px"" width=""50px""/>  Small Business",B0777SHCMG,https://m.media-amazon.com/images/I/81aYUzRr9ML._AC_UL320_.jpg|https://m.media-amazon.com/images/I/111mHoVK0kL._SS200_.png|
966,https://www.amazon.com/sspa/click?ie=UTF8&spc=MToxMjI4MDkzNjc0NDkzMjM4OjE2Njg4MDMwMDA6c3Bfc2VhcmNoX3RoZW1hdGljOjIwMDA5Mjg5OTg2MzM3MTo6NDo6&url=%2FTweezer-Slant-Eyebrow-Tweezers-Women%2Fdp%2FB09B173KCQ%2Fref%3Dsxin_16_pa_sp_search_thematic_sspa%3Fcontent-id%3Damzn1.sym.4e7a2229-074e-44de-95c4-9fd858f46295%253Aamzn1.sym.4e7a2229-074e-44de-95c4-9fd858f46295%26crid%3D27KFZQ2CRFME8%26cv_ct_cx%3Dtweezers%26keywords%3Dtweezers%26pd_rd_i%3DB09B173KCQ%26pd_rd_r%3Dcfdbb37b-6b90-45e3-994d-56cf724723d5%26pd_rd_w%3DTdA3l%26pd_rd_wg%3D4Gnq6%26pf_rd_p%3D4e7a2229-074e-44de-95c4-9fd858f46295%26pf_rd_r%3D8GYAJEBVAXH069CGYHAF%26qid%3D1668803000%26sprefix%3Dtweezers%252Caps%252C95%26sr%3D1-5-a73d1c8c-2fd2-4f19-aa41-2df022bcb241-spons%26sp_csd%3Dd2lkZ2V0TmFtZT1zcF9zZWFyY2hfdGhlbWF0aWM%26psc%3D1,Tweezer Guru Tweezers for Women - 2pc Slant Pointed Precision Tweezers for Eyebrows & Ingrown Hair Removal - Blackhead and Splinter Tweezer with Sharp Needle Nose Point for Plucking (Bright Pink),($17.99/Count),4.4 out of 5 stars,"54,653",$17.99 ,,B09B173KCQ,https://m.media-amazon.com/images/I/41HHoWr83TL._AC_UL320_.jpg
968,https://www.amazon.com/Tweezers-TsMADDTs-Eyebrows-Stainless-Blackhead/dp/B088PRW7NQ/ref=sr_1_8?crid=27KFZQ2CRFME8&keywords=tweezers&qid=1668803000&sprefix=tweezers%2Caps%2C95&sr=8-8,"Eyebrow Tweezer Set, TsMADDTs 6 Pcs Tweezers Set for Women, Precision Tweezer for Eyebrows with Curved Scissors for Ingrown Hair, Hair Plucking Daily Beauty Tools with Leather Travel Case",Join Prime to buy this item at $6.99,4.5 out of 5 stars,"7,912",$7.99 ,"FREE delivery Fri, Nov 25 on $25 of items shipped by AmazonOr fastest delivery Sun, Nov 20|",B088PRW7NQ,https://m.media-amazon.com/images/I/71hRBGroWtS._AC_UL320_.jpg
969,https://www.amazon.com/LUDOUPIER-Precision-Professional-Anti-rust-Multi-purpose/dp/B07SSXX8MT/ref=sr_1_9?crid=27KFZQ2CRFME8&keywords=tweezers&qid=1668803000&sprefix=tweezers%2Caps%2C95&sr=8-9,"LUDOUPIER [4+1 Pieces] Tweezers Set with Travel Case, Great Precision Upgrade Professional Anti-rust Alloy Tweezers for Women & Men, Multi-purpose as Eyebrows Facial Hair Ingrown Hair Removal",4 Piece Set,4.6 out of 5 stars,"28,001",$9.85 ,"FREE delivery Fri, Nov 25 on $25 of items shipped by AmazonOr fastest delivery Sun, Nov 20|",B07SSXX8MT,https://m.media-amazon.com/images/I/61HvkcZfzfL._AC_UL320_.jpg
970,https://www.amazon.com/SetSail-Tweezers-Precision-Professional-Stainless/dp/B0B3DT2JVV/ref=sr_1_10?crid=27KFZQ2CRFME8&keywords=tweezers&qid=1668803000&sprefix=tweezers%2Caps%2C95&sr=8-10,"SetSail Tweezers, 7 Pack Precision Tweezers for Women Best Professional Stainless Steel Eyebrow kits with Case for Shaping Eyebrows, Hair Removal",($0.86/Count),4.6 out of 5 stars,140,$5.99 ,"FREE delivery Fri, Nov 25 on $25 of items shipped by AmazonOr fastest delivery Sun, Nov 20|",B0B3DT2JVV,https://m.media-amazon.com/images/I/71FCGinVtpL._AC_UL320_.jpg
971,https://www.amazon.com/Tweezerman-Stainless-Steel-Tweezer-Classic/dp/B000WI1VN0/ref=sr_1_11?crid=27KFZQ2CRFME8&keywords=tweezers&qid=1668803000&sprefix=tweezers%2Caps%2C95&sr=8-11,Tweezerman Slant Tweezer Model No. 1249-R,1 Count (Pack of 1),4.5 out of 5 stars,"21,150",$12.75 ,"FREE delivery Fri, Nov 25 on $25 of items shipped by AmazonOr fastest delivery Sun, Nov 20|",B000WI1VN0,https://m.media-amazon.com/images/I/41a2i3x18ZL._AC_UL320_.jpg
972,https://www.amazon.com/Eyebrows-Tweezers-Stainless-Precision-Splinter/dp/B0B6SQ9M71/ref=sr_1_12?crid=27KFZQ2CRFME8&keywords=tweezers&qid=1668803000&sprefix=tweezers%2Caps%2C95&sr=8-12,"Eyebrows Tweezers Set,Stainless Steel Precision Remover Kit for Facial Hair, Inward Growing Hair and Splinter,Suitable for Women, Men (Black)","FREE delivery Fri, Nov 25 on $25 of items shipped by AmazonOr fastest delivery Sun, Nov 20",4.6 out of 5 stars,120,$3.99 ,"FREE delivery Fri, Nov 25 on $25 of items shipped by AmazonOr fastest delivery Sun, Nov 20|",B0B6SQ9M71,https://m.media-amazon.com/images/I/71OGWreGf-L._AC_UL320_.jpg
973,https://www.amazon.com/Tweezers-MORGLES-Professional-Eyebrows-Stainless/dp/B09FM8QH63/ref=sr_1_13?crid=27KFZQ2CRFME8&keywords=tweezers&qid=1668803000&sprefix=tweezers%2Caps%2C95&sr=8-13,"Tweezer Set with Nail Clippers, MORGLES Tweezers Set, Professional Nail Clippers and Tweezer Kit for Women and Men with Leather Travel Case, 9 Pack",($1.07/Count),4.5 out of 5 stars,515,$9.59 ,"FREE delivery Fri, Nov 25 on $25 of items shipped by AmazonOr fastest delivery Sun, Nov 20|",B09FM8QH63,https://m.media-amazon.com/images/I/71p-WOJ3ERL._AC_UL320_.jpg
974,https://www.amazon.com/sspa/click?ie=UTF8&spc=MTo5NzU3ODkxMDUwMzcxNzQ6MTY2ODgwMzAwMDpzcF9zZWFyY2hfdGhlbWF0aWM6MjAwMDUyMzU1NzY3MDcxOjowOjo&url=%2FTweezers-Precision-Stainless-Blackhead-Extension%2Fdp%2FB08T9KQ8XC%2Fref%3Dsxin_24_pa_sp_search_thematic-asin_sspa%3Fcontent-id%3Damzn1.sym.4228d1d7-b9a2-4dcc-9504-1ef42bcf486a%253Aamzn1.sym.4228d1d7-b9a2-4dcc-9504-1ef42bcf486a%26crid%3D27KFZQ2CRFME8%26cv_ct_cx%3Dtweezers%26keywords%3Dtweezers%26pd_rd_i%3DB08T9KQ8XC%26pd_rd_r%3Dcfdbb37b-6b90-45e3-994d-56cf724723d5%26pd_rd_w%3DC1xQ3%26pd_rd_wg%3D4Gnq6%26pf_rd_p%3D4228d1d7-b9a2-4dcc-9504-1ef42bcf486a%26pf_rd_r%3D8GYAJEBVAXH069CGYHAF%26qid%3D1668803000%26sprefix%3Dtweezers%252Caps%252C95%26sr%3D1-1-4a643ae4-6005-4b15-bc31-2c5125e2b25b-spons%26sp_csd%3Dd2lkZ2V0TmFtZT1zcF9zZWFyY2hfdGhlbWF0aWM%26psc%3D1,"16 Pieces Slanted Tweezers, Eyebrow Slanted Tip Tweezers Precision Stainless Steel Eyebrow Tweezers for Eyebrows, Ingrown Hair, Facial Hair and Lash Extension (Orange, Purple, Blue, Yellow)","Shop products with sustainability certifications, as part of our commitment to help preserve the natural world. Time is fleeting.",4.4 out of 5 stars|4.5 out of 5 stars|4.2 out of 5 stars|4.2 out of 5 stars|4.5 out of 5 stars|3.9 out of 5 stars|4.4 out of 5 stars|4.4 out of 5 stars,"119|1,293|5,349|1,538|1,293|1,228|759|740",$14.99 ,"Climate Pledge Friendly|Climate Pledge Friendly|Climate Pledge Friendly|<img alt="""" src=""https://m.media-amazon.com/images/I/216-OX9rBaL._SS200_.png"" height=""50px"" width=""50px""/>  Climate Pledge Friendly|<img alt="""" src=""https://m.media-amazon.com/images/I/216-OX9rBaL._SS200_.png"" height=""50px"" width=""50px""/>  Climate Pledge Friendly|<img alt="""" src=""https://m.media-amazon.com/images/I/41Y2L-DZWfL._SS200_.png"" height=""50px"" width=""50px""/> Compact by Design (Certified by Amazon)|Climate Pledge Friendly|Climate Pledge Friendly|Climate Pledge Friendly|<img alt="""" src=""https://m.media-amazon.com/images/I/216-OX9rBaL._SS200_.png"" height=""50px"" width=""50px""/>  Climate Pledge Friendly|<img alt="""" src=""https://m.media-amazon.com/images/I/216-OX9rBaL._SS200_.png"" height=""50px"" width=""50px""/>  Climate Pledge Friendly|<img alt="""" src=""https://m.media-amazon.com/images/I/41Y2L-DZWfL._SS200_.png"" height=""50px"" width=""50px""/> Compact by Design (Certified by Amazon)|Climate Pledge Friendly|Climate Pledge Friendly|Climate Pledge Friendly|<img alt="""" src=""https://m.media-amazon.com/images/I/216-OX9rBaL._SS200_.png"" height=""50px"" width=""50px""/>  Climate Pledge Friendly|<img alt="""" src=""https://m.media-amazon.com/images/I/216-OX9rBaL._SS200_.png"" height=""50px"" width=""50px""/>  Climate Pledge Friendly|<img alt="""" src=""https://m.media-amazon.com/images/I/41Y2L-DZWfL._SS200_.png"" height=""50px"" width=""50px""/> Compact by Design (Certified by Amazon)|Climate Pledge Friendly  Small Business|Climate Pledge Friendly|Climate Pledge Friendly|Small Business|Small Business|<img alt="""" src=""https://m.media-amazon.com/images/I/216-OX9rBaL._SS200_.png"" height=""50px"" width=""50px""/>  Climate Pledge Friendly|<img alt="""" src=""https://m.media-amazon.com/images/I/216-OX9rBaL._SS200_.png"" height=""50px"" width=""50px""/>  Climate Pledge Friendly|<img alt="""" src=""https://m.media-amazon.com/images/I/41Y2L-DZWfL._SS200_.png"" height=""50px"" width=""50px""/> Compact by Design (Certified by Amazon)|<img alt="""" src=""https://m.media-amazon.com/images/I/111mHoVK0kL._SS200_.png"" height=""50px"" width=""50px""/>  Small Business|<img alt="""" src=""https://m.media-amazon.com/images/I/111mHoVK0kL._SS200_.png"" height=""50px"" width=""50px""/>  Small Business|Climate Pledge Friendly|Climate Pledge Friendly|Climate Pledge Friendly|<img alt="""" src=""https://m.media-amazon.com/images/I/216-OX9rBaL._SS200_.png"" height=""50px"" width=""50px""/>  Climate Pledge Friendly|<img alt="""" src=""https://m.media-amazon.com/images/I/216-OX9rBaL._SS200_.png"" height=""50px"" width=""50px""/>  Climate Pledge Friendly|<img alt="""" src=""https://m.media-amazon.com/images/I/41Y2L-DZWfL._SS200_.png"" height=""50px"" width=""50px""/> Compact by Design (Certified by Amazon)|Climate Pledge Friendly|Climate Pledge Friendly|Climate Pledge Friendly|<img alt="""" src=""https://m.media-amazon.com/images/I/216-OX9rBaL._SS200_.png"" height=""50px"" width=""50px""/>  Climate Pledge Friendly|<img alt="""" src=""https://m.media-amazon.com/images/I/216-OX9rBaL._SS200_.png"" height=""50px"" width=""50px""/>  Climate Pledge Friendly|<img alt="""" src=""https://m.media-amazon.com/images/I/41Y2L-DZWfL._SS200_.png"" height=""50px"" width=""50px""/> Compact by Design (Certified by Amazon)|Climate Pledge Friendly|Climate Pledge Friendly|Climate Pledge Friendly|<img alt="""" src=""https://m.media-amazon.com/images/I/216-OX9rBaL._SS200_.png"" height=""50px"" width=""50px""/>  Climate Pledge Friendly|<img alt="""" src=""https://m.media-amazon.com/images/I/216-OX9rBaL._SS200_.png"" height=""50px"" width=""50px""/>  Climate Pledge Friendly|<img alt="""" src=""https://m.media-amazon.com/images/I/41Y2L-DZWfL._SS200_.png"" height=""50px"" width=""50px""/> Compact by Design (Certified by Amazon)|Climate Pledge Friendly|Climate Pledge Friendly|Climate Pledge Friendly|<img alt="""" src=""https://m.media-amazon.com/images/I/216-OX9rBaL._SS200_.png"" height=""50px"" width=""50px""/>  Climate Pledge Friendly|<img alt="""" src=""https://m.media-amazon.com/images/I/216-OX9rBaL._SS200_.png"" height=""50px"" width=""50px""/>  Climate Pledge Friendly|<img alt="""" src=""https://m.media-amazon.com/images/I/41Y2L-DZWfL._SS200_.png"" height=""50px"" width=""50px""/> Compact by Design (Certified by Amazon)",,https://m.media-amazon.com/images/I/71SR-ioeY+L._AC_UL320_.jpg|https://m.media-amazon.com/images/I/216-OX9rBaL._SS200_.png|||https://m.media-amazon.com/images/I/71O362PbIrL._AC_UL320_.jpg|https://m.media-amazon.com/images/I/216-OX9rBaL._SS200_.png|||https://m.media-amazon.com/images/I/61sl-iOV2kL._AC_UL320_.jpg|https://m.media-amazon.com/images/I/216-OX9rBaL._SS200_.png|||https://m.media-amazon.com/images/I/61LwG9wq+FL._AC_UL320_.jpg|https://m.media-amazon.com/images/I/216-OX9rBaL._SS200_.png|https://m.media-amazon.com/images/I/111mHoVK0kL._SS200_.png||||https://m.media-amazon.com/images/I/71sS3sjQ55L._AC_UL320_.jpg|https://m.media-amazon.com/images/I/216-OX9rBaL._SS200_.png|||https://m.media-amazon.com/images/I/51r83FZ8AHL._AC_UL320_.jpg|https://m.media-amazon.com/images/I/216-OX9rBaL._SS200_.png|||https://m.media-amazon.com/images/I/71JKT1yO3pL._AC_UL320_.jpg|https://m.media-amazon.com/images/I/216-OX9rBaL._SS200_.png|||https://m.media-amazon.com/images/I/61tUnHAE-JL._AC_UL320_.jpg|https://m.media-amazon.com/images/I/216-OX9rBaL._SS200_.png||
975,https://aax-us-iad.amazon.com/x/c/RIDtuc5qdXCJUUO2_tsaHe0AAAGEjGj4bwEAAAH2AQBOL0EgICAgICAgICAgICBOL0EgICAgICAgICAgICDSufo4/https://www.amazon.com/dp/B0823XZ5VZ?pd_rd_i=B0823XZ5VZ&pf_rd_p=b000e0a0-9e93-480f-bf78-a83c8136dfcb&pf_rd_r=8GYAJEBVAXH069CGYHAF&pd_rd_wg=4Gnq6&pd_rd_w=zjmmR&pd_rd_r=cfdbb37b-6b90-45e3-994d-56cf724723d5,"Tweezerman Exclusive Tea Rose Slant Tweezer - Hair Removal Tweezers, Stainless Steel",Sponsored,4.7 out of 5 stars,"4,492",$20.70 ,FREE delivery on $25 shipped by Amazon.,,
977,https://www.amazon.com/Revlon-Mini-Tweezer-Packaging-vary/dp/B00766RKSG/ref=sr_1_14?crid=27KFZQ2CRFME8&keywords=tweezers&qid=1668803000&sprefix=tweezers%2Caps%2C95&sr=8-14,"Mini Hair Removal Tweezer Set by Revlon, Travel Set, High Precision Tweezers for Men, Women & Kids, Stainless Steel (Pack of 1)",3 Piece Set,4.5 out of 5 stars,"3,066",$6.85 ,"FREE delivery Fri, Nov 25 on $25 of items shipped by AmazonOr fastest delivery Sun, Nov 20|",B00766RKSG,https://m.media-amazon.com/images/I/91qyTLVKbPL._AC_UL320_.jpg
978,https://www.amazon.com/Tweezers-Set-Professional-Eyebrows/dp/B07QSY7XK6/ref=sr_1_15?crid=27KFZQ2CRFME8&keywords=tweezers&qid=1668803000&sprefix=tweezers%2Caps%2C95&sr=8-15,"Pefei Tweezers Set - Professional Stainless Steel Tweezers for Eyebrows - Great Precision for Facial Hair, Splinter and Ingrown Hair Removal (Black)",10% coupon applied at checkoutSave 10%  with coupon,4.5 out of 5 stars,"47,182",$9.99 ,"FREE delivery Fri, Nov 25 on $25 of items shipped by AmazonOr fastest delivery Sun, Nov 20|",B07QSY7XK6,https://m.media-amazon.com/images/I/71ZdPy+CLaL._AC_UL320_.jpg
979,https://www.amazon.com/Tweezers-Precision-Tweezer-Soldering-Extension/dp/B07D6JXD7J/ref=sr_1_16?crid=27KFZQ2CRFME8&keywords=tweezers&qid=1668803000&sprefix=tweezers%2Caps%2C95&sr=8-16,"Tweezers, Precision Tweezer Set, Craft Tweezers, Soldering Tweezers, Jewelry Tweezers, Ingrown Tweezers, Eyelash Extension Tweezers, Eyebrow Tweezers - 12 Pack Super Valued Set with Handy Case",12 Piece Set,4.6 out of 5 stars,"9,805",$9.99 ,"FREE delivery Fri, Nov 25 on $25 of items shipped by AmazonOr fastest delivery Sun, Nov 20|",B07D6JXD7J,https://m.media-amazon.com/images/I/71q3dtp3a6L._AC_UL320_.jpg
980,https://www.amazon.com/sspa/click?ie=UTF8&spc=MToxODc2MjAzOTE5NzkzNzI2OjE2Njg4MDMwMDA6c3BfbXRmOjIwMDA5NDAzMTg5MzM5ODo6MDo6&url=%2FXTRM-CRAFT-Dressing-Mulipurpose-Stainless%2Fdp%2FB09BP3VCX4%2Fref%3Dsr_1_17_sspa%3Fcrid%3D27KFZQ2CRFME8%26keywords%3Dtweezers%26qid%3D1668803000%26sprefix%3Dtweezers%252Caps%252C95%26sr%3D8-17-spons%26sp_csd%3Dd2lkZ2V0TmFtZT1zcF9tdGY%26psc%3D1%26smid%3DA5Z3U5T7EU93P,"XTRM CRAFT Thumb Dressing Forceps, Mulipurpose Tweezer Stainless Steel, Serrated Tip Straight 5.5 Inch",Sponsored,4.2 out of 5 stars,57,$5.99 ,"FREE delivery on $25 shipped by Amazon.|Small Business|Small Business|Small Business|<img alt="""" src=""https://m.media-amazon.com/images/I/111mHoVK0kL._SS200_.png"" height=""50px"" width=""50px""/>  Small Business|<img alt="""" src=""https://m.media-amazon.com/images/I/111mHoVK0kL._SS200_.png"" height=""50px"" width=""50px""/>  Small Business",B09BP3VCX4,https://m.media-amazon.com/images/I/61Dlg-Di7uL._AC_UL320_.jpg|https://m.media-amazon.com/images/I/111mHoVK0kL._SS200_.png|
981,https://www.amazon.com/sspa/click?ie=UTF8&spc=MToxODc2MjAzOTE5NzkzNzI2OjE2Njg4MDMwMDA6c3BfbXRmOjIwMDA4NDc2MDEwMTA5ODo6MDo6&url=%2FTweezer-Handmade-Professional-Eyebrow-superior%2Fdp%2FB09PYJR4DL%2Fref%3Dsr_1_18_sspa%3Fcrid%3D27KFZQ2CRFME8%26keywords%3Dtweezers%26qid%3D1668803000%26sprefix%3Dtweezers%252Caps%252C95%26sr%3D8-18-spons%26sp_csd%3Dd2lkZ2V0TmFtZT1zcF9tdGY%26psc%3D1,Slant Tweezer Handmade Professional Eyebrow Facial & Hair Remover No gaps superior quality,Sponsored,4.4 out of 5 stars,858,$7.99 ,"FREE delivery Fri, Nov 25 on $25 of items shipped by AmazonOr fastest delivery Sun, Nov 20|",B09PYJR4DL,https://m.media-amazon.com/images/I/51TSyp95LSL._AC_UL320_.jpg
982,https://www.amazon.com/sspa/click?ie=UTF8&spc=MToxODc2MjAzOTE5NzkzNzI2OjE2Njg4MDMwMDA6c3BfbXRmOjIwMDA4MDYxNjE4NDg5ODo6MDo6&url=%2FRegine-Switzerland-Stainless-Professional-Precision%2Fdp%2FB0777SHCMG%2Fref%3Dsr_1_19_sspa%3Fcrid%3D27KFZQ2CRFME8%26keywords%3Dtweezers%26qid%3D1668803000%26sprefix%3Dtweezers%252Caps%252C95%26sr%3D8-19-spons%26sp_csd%3Dd2lkZ2V0TmFtZT1zcF9tdGY%26psc%3D1,"Regine Switzerland Slant Tweezer - Handmade in Switzerland - Professional Eyebrow, Facial & Hair Remover - Etched Interior Tip to Grab Hair From the Root - Perfectly Aligned Tips - Stainless Steel",Sponsored,4.3 out of 5 stars,"1,504",$44.99 ,"FREE delivery Fri, Nov 25 Or fastest delivery Sun, Nov 20||Small Business|Small Business|Small Business|<img alt="""" src=""https://m.media-amazon.com/images/I/111mHoVK0kL._SS200_.png"" height=""50px"" width=""50px""/>  Small Business|<img alt="""" src=""https://m.media-amazon.com/images/I/111mHoVK0kL._SS200_.png"" height=""50px"" width=""50px""/>  Small Business",B0777SHCMG,https://m.media-amazon.com/images/I/81aYUzRr9ML._AC_UL320_.jpg|https://m.media-amazon.com/images/I/111mHoVK0kL._SS200_.png|
983,https://www.amazon.com/sspa/click?ie=UTF8&spc=MToxODc2MjAzOTE5NzkzNzI2OjE2Njg4MDMwMDA6c3BfbXRmOjIwMDA5Mjg5OTg2MzM3MTo6MDo6&url=%2FTweezer-Slant-Eyebrow-Tweezers-Women%2Fdp%2FB09B173KCQ%2Fref%3Dsr_1_20_sspa%3Fcrid%3D27KFZQ2CRFME8%26keywords%3Dtweezers%26qid%3D1668803000%26sprefix%3Dtweezers%252Caps%252C95%26sr%3D8-20-spons%26sp_csd%3Dd2lkZ2V0TmFtZT1zcF9tdGY%26psc%3D1,Tweezer Guru Tweezers for Women - 2pc Slant Pointed Precision Tweezers for Eyebrows & Ingrown Hair Removal - Blackhead and Splinter Tweezer with Sharp Needle Nose Point for Plucking (Bright Pink),Sponsored,4.4 out of 5 stars,"54,653",$17.99 ,"FREE delivery Fri, Nov 25 on $25 of items shipped by AmazonOr fastest delivery Sun, Nov 20|",B09B173KCQ,https://m.media-amazon.com/images/I/41HHoWr83TL._AC_UL320_.jpg
984,https://www.amazon.com/Tweezers-Set-Professional-Stainless-Multi-Color/dp/B09VX3GKFZ/ref=sr_1_21?crid=27KFZQ2CRFME8&keywords=tweezers&qid=1668803000&sprefix=tweezers%2Caps%2C95&sr=8-21,"Tweezers Set, 4Pcs Tweezers for Women with Travel Leather Case, Professional Stainless Steel Eyebrows Tweezers, Great Precision Tweezers for Ingrown Hair, Facial Hair, Splinter Removal (Multi-Color)","FREE delivery Fri, Nov 25 on $25 of items shipped by AmazonOr fastest delivery Sun, Nov 20",4.6 out of 5 stars,816,$4.99 ,"FREE delivery Fri, Nov 25 on $25 of items shipped by AmazonOr fastest delivery Sun, Nov 20|",B09VX3GKFZ,https://m.media-amazon.com/images/I/71fhS2LRcRL._AC_UL320_.jpg
985,https://www.amazon.com/Motanar-Tweezers-Scissor-Straight-Eyebrows/dp/B09WZG8M9P/ref=sr_1_22?crid=27KFZQ2CRFME8&keywords=tweezers&qid=1668803000&sprefix=tweezers%2Caps%2C95&sr=8-22,Motanar 2 Pieces Tweezers Scissor Handle Straight Tip Scissor Shaped Eyebrows Tweezers for Hair Plucker Remover Facial Hair Eyebrows Care (Silver),($3.00/Count),4.2 out of 5 stars,196,$5.99 ,"FREE delivery Fri, Nov 25 on $25 of items shipped by AmazonOr fastest delivery Sun, Nov 20|",B09WZG8M9P,https://m.media-amazon.com/images/I/51GLY9Mm9iL._AC_UL320_.jpg
986,https://www.amazon.com/Tweezerman-Amazon-Exclusive-Petite-Tweeze/dp/B08SKKKV1R/ref=sr_1_23?crid=27KFZQ2CRFME8&keywords=tweezers&qid=1668803000&sprefix=tweezers%2Caps%2C95&sr=8-23,Tweezerman Exclusive Rose Tea Petite Tweeze Set,2 Piece Set,4.7 out of 5 stars,"1,312",$24.53 ,"FREE delivery Fri, Nov 25 on $25 of items shipped by AmazonOr fastest delivery Sun, Nov 20|",B08SKKKV1R,https://m.media-amazon.com/images/I/81PZJZSSzoL._AC_UL320_.jpg
987,https://www.amazon.com/Professional-Stainless-Steel-Tweezers-4-Piece/dp/B07LGVZSWG/ref=sr_1_24?crid=27KFZQ2CRFME8&keywords=tweezers&qid=1668803000&sprefix=tweezers%2Caps%2C95&sr=8-24,"Utopia Care - Professional Stainless Steel Tweezers Set (4-Piece) – Precision Tweezers for Ingrown Hair, Facial Hair, Splinter, Blackhead and Tick Remover (Black)",4 Count (Pack of 1),4.6 out of 5 stars,"7,042",$4.99 ,"FREE delivery Fri, Nov 25 on $25 of items shipped by AmazonOr fastest delivery Sun, Nov 20||Small Business|Small Business|Small Business|<img alt="""" src=""https://m.media-amazon.com/images/I/111mHoVK0kL._SS200_.png"" height=""50px"" width=""50px""/>  Small Business|<img alt="""" src=""https://m.media-amazon.com/images/I/111mHoVK0kL._SS200_.png"" height=""50px"" width=""50px""/>  Small Business",B07LGVZSWG,https://m.media-amazon.com/images/I/61it7jgD5sL._AC_UL320_.jpg|https://m.media-amazon.com/images/I/111mHoVK0kL._SS200_.png|
988,https://www.amazon.com/Eyebrow-Tweezers-Removal-Precision-Stainless/dp/B09Q34JK9Y/ref=sr_1_25?crid=27KFZQ2CRFME8&keywords=tweezers&qid=1668803000&sprefix=tweezers%2Caps%2C95&sr=8-25,"Wet n Wild Beauty Eyebrow Tweezers Hair Removal Tweezers, Pointed Precision with Sharp Needle Nose Point Tweezers for Men, Women & Kids, Stainless Steel",($2.18/Count),4.3 out of 5 stars,671,$2.18 ,"FREE delivery Fri, Nov 25 on $25 of items shipped by AmazonOr fastest delivery Sun, Nov 20|",B09Q34JK9Y,https://m.media-amazon.com/images/I/615Mnq+37XL._AC_UL320_.jpg
989,https://www.amazon.com/Revlon-Perfectweeze-Tweezer-Slant-Pack/dp/B01IAEFCM8/ref=sr_1_26?crid=27KFZQ2CRFME8&keywords=tweezers&qid=1668803000&sprefix=tweezers%2Caps%2C95&sr=8-26,"Revlon Perfectweeze Tweezer, Slant Tip, 1 ea (Pack of 3)",1 Count (Pack of 1),4.4 out of 5 stars,682,$8.55 ,"FREE delivery Fri, Nov 25 on $25 of items shipped by AmazonOr fastest delivery Sun, Nov 20|",B01IAEFCM8,https://m.media-amazon.com/images/I/61CdIuAsSoL._AC_UL320_.jpg
990,https://www.amazon.com/Tweezer-Guru-Eyebrow-4-Piece-Women/dp/B078S2DG7T/ref=sr_1_27?crid=27KFZQ2CRFME8&keywords=tweezers&qid=1668803000&sprefix=tweezers%2Caps%2C95&sr=8-27,"Tweezer Guru Eyebrow Tweezer Set (4-Piece) for Women & Men - Professional Slant and Pointed Tweezers Set with Case - Precision Tweezers Kit for Facial Hair, Splinter and Ingrown Hair Removal",($2.17/Count),4.6 out of 5 stars,"10,876",$8.69 ,"FREE delivery Fri, Nov 25 on $25 of items shipped by AmazonOr fastest delivery Sun, Nov 20|",B078S2DG7T,https://m.media-amazon.com/images/I/918MGTLP9yL._AC_UL320_.jpg
991,https://www.amazon.com/Tweezers-Set-TweezerGuru-Stainless-Precision/dp/B079TKQNJM/ref=sr_1_28?crid=27KFZQ2CRFME8&keywords=tweezers&qid=1668803000&sprefix=tweezers%2Caps%2C95&sr=8-28,"Tweezer Guru Eyebrow Tweezers for Women & Men - Set of 2, Professional, Stainless Steel, Slant and Pointed Tweezers for Ingrown Hair, Splinters and Blackhead Removal (Teal)",($3.26/Count),4.4 out of 5 stars,"1,663",$6.51 ,"FREE delivery Fri, Nov 25 on $25 of items shipped by AmazonOr fastest delivery Sun, Nov 20|",B079TKQNJM,https://m.media-amazon.com/images/I/61R8HfhDM2L._AC_UL320_.jpg
992,https://www.amazon.com/SetSail-Tweezers-Stainless-Precision-Professional/dp/B0BBPS66VQ/ref=sr_1_29?crid=27KFZQ2CRFME8&keywords=tweezers&qid=1668803000&sprefix=tweezers%2Caps%2C95&sr=8-29,"SetSail Tweezers, Eyebrow Tweezers for Women 4 In 1 Stainless Steel Tweezers Precision with Case Professional Eyelash Tweezers Set for Men Hair Removal Kit",($1.75/Count),4.5 out of 5 stars,40,$6.99 ,"FREE delivery Fri, Nov 25 on $25 of items shipped by AmazonOr fastest delivery Sun, Nov 20|",B0BBPS66VQ,https://m.media-amazon.com/images/I/71kaoOhnKLL._AC_UL320_.jpg
993,https://www.amazon.com/Tweezerman-Stainless-Steel-Slant-Tweezer/dp/B000EMUDUQ/ref=sr_1_30_mod_primary_new?crid=27KFZQ2CRFME8&keywords=tweezers&qid=1668803000&sbo=RZvfv%2F%2FHxDF%2BO5021pAnSA%3D%3D&sprefix=tweezers%2Caps%2C95&sr=8-30,Tweezerman Stainless Steel Slant Tweezer - Eyebrow Tweezers for Women and Men (Neon Pink),1 Count (Pack of 1),4.7 out of 5 stars,"2,742|Another way to buy|$18.00$18.00 ($18.00/Count) $20.00$20.00|$18.00$18.00 ($18.00/Count) $20.00$20.00|($18.00/Count)|FREE delivery Fri, Nov 25 on $25 of items shipped by AmazonOr fastest delivery Sun, Nov 20",$15.39 ,"FREE delivery Nov 29 - 30 Or fastest delivery Nov 23 - 28|FREE delivery Fri, Nov 25 on $25 of items shipped by AmazonOr fastest delivery Sun, Nov 20|",B000EMUDUQ,https://m.media-amazon.com/images/I/71tTGo0iJqL._AC_UL320_.jpg
994,https://www.amazon.com/Tweezer-Handmade-Professional-Eyebrow-superior/dp/B09PYJR4DL/ref=sr_1_31?crid=27KFZQ2CRFME8&keywords=tweezers&qid=1668803000&sprefix=tweezers%2Caps%2C95&sr=8-31,Slant Tweezer Handmade Professional Eyebrow Facial & Hair Remover No gaps superior quality,"FREE delivery Fri, Nov 25 on $25 of items shipped by AmazonOr fastest delivery Sun, Nov 20",4.4 out of 5 stars,858,$7.99 ,"FREE delivery Fri, Nov 25 on $25 of items shipped by AmazonOr fastest delivery Sun, Nov 20|",B09PYJR4DL,https://m.media-amazon.com/images/I/51TSyp95LSL._AC_UL320_.jpg
995,https://www.amazon.com/Pieces-Tweezers-Stainless-Precision-Eyebrow/dp/B07X2295BT/ref=sr_1_32?crid=27KFZQ2CRFME8&keywords=tweezers&qid=1668803000&sprefix=tweezers%2Caps%2C95&sr=8-32,12 Pieces Eyebrow Tweezers Stainless Steel Slant Tip Tweezers Facial Hair Eyebrow Precision Tweezers for Men and Women(Black),12 Count (Pack of 1),4.5 out of 5 stars,"1,293",$11.29 ,"FREE delivery Fri, Nov 25 on $25 of items shipped by AmazonOr fastest delivery Sun, Nov 20||Climate Pledge Friendly|Climate Pledge Friendly|Climate Pledge Friendly|<img alt="""" src=""https://m.media-amazon.com/images/I/216-OX9rBaL._SS200_.png"" height=""50px"" width=""50px""/>  Climate Pledge Friendly|<img alt="""" src=""https://m.media-amazon.com/images/I/216-OX9rBaL._SS200_.png"" height=""50px"" width=""50px""/>  Climate Pledge Friendly|<img alt="""" src=""https://m.media-amazon.com/images/I/41Y2L-DZWfL._SS200_.png"" height=""50px"" width=""50px""/> Compact by Design (Certified by Amazon)",B07X2295BT,https://m.media-amazon.com/images/I/71O362PbIrL._AC_UL320_.jpg|https://m.media-amazon.com/images/I/216-OX9rBaL._SS200_.png||
996,https://www.amazon.com/sspa/click?ie=UTF8&spc=MToxODc2MjAzOTE5NzkzNzI2OjE2Njg4MDMwMDA6c3BfbXRmOjIwMDA1NDA0MDc4MTQ5ODo6MDo6&url=%2FTweezer-Eyelash-Stainless-Removal-Precision%2Fdp%2FB09WGXF4DR%2Fref%3Dsr_1_33_sspa%3Fcrid%3D27KFZQ2CRFME8%26keywords%3Dtweezers%26qid%3D1668803000%26sprefix%3Dtweezers%252Caps%252C95%26sr%3D8-33-spons%26sp_csd%3Dd2lkZ2V0TmFtZT1zcF9tdGY%26psc%3D1,"Tweezer and Eyelash Curler by Revlon, Expert Slant Tip Tweezer, Stainless Steel Hair Removal Makeup Tool, Precision Curl Control for All Eye Shapes, 1 Tweezer & 1 Eyelash Curler",Sponsored,4.3 out of 5 stars,53,$10.87 ,FREE delivery on $25 shipped by Amazon.,B09WGXF4DR,https://m.media-amazon.com/images/I/31NNnlISiHL._AC_UL320_.jpg
997,https://www.amazon.com/sspa/click?ie=UTF8&spc=MToxODc2MjAzOTE5NzkzNzI2OjE2Njg4MDMwMDA6c3BfbXRmOjIwMDA5MjExMzEwNDc5ODo6MDo6&url=%2FSharp-Eyebrow-Tweezer-Women-Men%2Fdp%2FB00TECXYE4%2Fref%3Dsr_1_34_sspa%3Fcrid%3D27KFZQ2CRFME8%26keywords%3Dtweezers%26qid%3D1668803000%26sprefix%3Dtweezers%252Caps%252C95%26sr%3D8-34-spons%26sp_csd%3Dd2lkZ2V0TmFtZT1zcF9tdGY%26psc%3D1,"Professional Eyebrow Tweezers for Women - Tweezers Precision with Brow Brush - Sharp, Slant Tip for Eyebrow Plucking, Ingrown Hair, Facial Hair, Wig, Chin Hair Removal Tweezers for Men Stainless Steel",Sponsored,4.3 out of 5 stars,"3,307",$12.99 ,"FREE delivery Fri, Nov 25 on $25 of items shipped by AmazonOr fastest delivery Tue, Nov 22||Small Business|Small Business|Small Business|<img alt="""" src=""https://m.media-amazon.com/images/I/111mHoVK0kL._SS200_.png"" height=""50px"" width=""50px""/>  Small Business|<img alt="""" src=""https://m.media-amazon.com/images/I/111mHoVK0kL._SS200_.png"" height=""50px"" width=""50px""/>  Small Business",B00TECXYE4,https://m.media-amazon.com/images/I/310SregBujL._AC_UL320_.jpg|https://m.media-amazon.com/images/I/111mHoVK0kL._SS200_.png|
998,https://www.amazon.com/sspa/click?ie=UTF8&spc=MToxODc2MjAzOTE5NzkzNzI2OjE2Njg4MDMwMDA6c3BfbXRmOjIwMDAxMTUzMjgyOTM2MTo6MDo6&url=%2FCamila-Solingen-Stainless-Tweezers-Straight%2Fdp%2FB07B5CZMB9%2Fref%3Dsr_1_35_sspa%3Fcrid%3D27KFZQ2CRFME8%26keywords%3Dtweezers%26qid%3D1668803000%26sprefix%3Dtweezers%252Caps%252C95%26sr%3D8-35-spons%26sp_csd%3Dd2lkZ2V0TmFtZT1zcF9tdGY%26psc%3D1%26smid%3DA2W0HJJYQQ4PRQ,"Camila Solingen CS26 4"" Professional Surgical Grade Stainless Steel Precision Tip Eyebrow Tweezers for Facial Hair Shaping & Removal. Beauty Tool for Men / Women. Made in Solingen Germany (Straight)",Sponsored,2.7 out of 5 stars,12,$14.95 ,"FREE delivery Fri, Nov 25 on $25 of items shipped by AmazonOr fastest delivery Sun, Nov 20||Small Business|Small Business|Small Business|<img alt="""" src=""https://m.media-amazon.com/images/I/111mHoVK0kL._SS200_.png"" height=""50px"" width=""50px""/>  Small Business|<img alt="""" src=""https://m.media-amazon.com/images/I/111mHoVK0kL._SS200_.png"" height=""50px"" width=""50px""/>  Small Business",B07B5CZMB9,https://m.media-amazon.com/images/I/61YjvVWPZpL._AC_UL320_.jpg|https://m.media-amazon.com/images/I/111mHoVK0kL._SS200_.png|
999,https://www.amazon.com/sspa/click?ie=UTF8&spc=MToxODc2MjAzOTE5NzkzNzI2OjE2Njg4MDMwMDA6c3BfbXRmOjIwMDA4Mzg2MjcwNzY5ODo6MDo6&url=%2FTweezerman-Emerald-Shimmer-Micro-Tweezer%2Fdp%2FB09ZJZMBSS%2Fref%3Dsr_1_36_sspa%3Fcrid%3D27KFZQ2CRFME8%26keywords%3Dtweezers%26qid%3D1668803000%26sprefix%3Dtweezers%252Caps%252C95%26sr%3D8-36-spons%26sp_csd%3Dd2lkZ2V0TmFtZT1zcF9tdGY%26psc%3D1,Tweezerman Emerald Shimmer Micro Mini Slant & Point Tweezer Set,Sponsored,4.5 out of 5 stars,32,$15.00 ,FREE delivery on $25 shipped by Amazon.,B09ZJZMBSS,https://m.media-amazon.com/images/I/51gkb4omjLL._AC_UL320_.jpg
1000,https://www.amazon.com/Revlon-7212848000-Control-Grip-Tweezer/dp/B001ET7MM0/ref=sr_1_37?crid=27KFZQ2CRFME8&keywords=tweezers&qid=1668803000&sprefix=tweezers%2Caps%2C95&sr=8-37,"Revlon Control Grip Tweezer, Slanted Tweezer, with Stainless Steel Tips",($1.32/Count),4.3 out of 5 stars,36,$3.95 ,"FREE delivery Fri, Nov 25 on $25 of items shipped by AmazonOr fastest delivery Sun, Nov 20|",B001ET7MM0,https://m.media-amazon.com/images/I/716Z9fhhE7L._AC_UL320_.jpg
1001,https://www.amazon.com/Precision-Anti-Static-Electronics-Laboratory-Jewelry-Making/dp/B07RNVXXV1/ref=sr_1_38?crid=27KFZQ2CRFME8&keywords=tweezers&qid=1668803000&sprefix=tweezers%2Caps%2C95&sr=8-38,"6PCS Precision Tweezers Set, Upgraded Anti-Static Stainless Steel Curved of Tweezers, for Electronics, Laboratory Work, Jewelry-Making, Craft, Soldering, etc, by kaverme.","FREE delivery Fri, Nov 25 on $25 of items shipped by AmazonOr fastest delivery Sun, Nov 20",4.6 out of 5 stars,"6,633",$7.99 ,"FREE delivery Fri, Nov 25 on $25 of items shipped by AmazonOr fastest delivery Sun, Nov 20|",B07RNVXXV1,https://m.media-amazon.com/images/I/51AR9gayuHL._AC_UL320_.jpg
1002,https://www.amazon.com/TWEEZERMAN-Slant-Tweezer-Assorted-Ounce/dp/B001KYS84K/ref=sr_1_39?crid=27KFZQ2CRFME8&keywords=tweezers&qid=1668803000&sprefix=tweezers%2Caps%2C95&sr=8-39,Tweezerman Slant Tweezer (Assorted Colors),1 Count (Pack of 1),4.6 out of 5 stars,"1,769",$16.49 ,"FREE delivery Fri, Nov 25 on $25 of items shipped by AmazonOr fastest delivery Sun, Nov 20|",B001KYS84K,https://m.media-amazon.com/images/I/41NhTm+MaGL._AC_UL320_.jpg
1003,https://www.amazon.com/Derlaier-Precision-Stainless-Derlaier-111-Tweezers-1/dp/B09YH4DZTT/ref=sr_1_40?crid=27KFZQ2CRFME8&keywords=tweezers&qid=1668803000&sprefix=tweezers%2Caps%2C95&sr=8-40,"Derlaier Tweezers Set, High Precision Stainless Steel Eyebrow Tweezers for Facial Hair, Inward Growing Hair and Splinter Remover Derlaier-111 Tweezers-1","FREE delivery Fri, Nov 25 on $25 of items shipped by AmazonOr fastest delivery Sun, Nov 20",4.2 out of 5 stars,21,$3.99 ,"FREE delivery Fri, Nov 25 on $25 of items shipped by AmazonOr fastest delivery Sun, Nov 20|",B09YH4DZTT,https://m.media-amazon.com/images/I/51HLE1Nbn2L._AC_UL320_.jpg
1004,https://www.amazon.com/Tweezerman-Stainless-Steel-Slant-Tweezer/dp/B000EMYJ88/ref=sr_1_41?crid=27KFZQ2CRFME8&keywords=tweezers&qid=1668803000&sprefix=tweezers%2Caps%2C95&sr=8-41,Tweezerman Stainless Steel Slant Tweezer - Eyebrow Tweezers for Women and Men (Black),1 Count (Pack of 1),4.7 out of 5 stars,"9,826",$17.10 ,"FREE delivery Fri, Nov 25 on $25 of items shipped by AmazonOr fastest delivery Sun, Nov 20|",B000EMYJ88,https://m.media-amazon.com/images/I/41SdkL1IJgL._AC_UL320_.jpg
1005,https://www.amazon.com/Tweezerman-Mini-Slant-Point-Combo/dp/B074ZCFLSK/ref=sr_1_42?crid=27KFZQ2CRFME8&keywords=tweezers&qid=1668803000&sprefix=tweezers%2Caps%2C95&sr=8-42,"Tweezerman Mini Slant and Point Tip Tweezer - Tweezers Set for Eyebrows, Facial Hair, Ingrown Hairs",2 Count (Pack of 1),4.7 out of 5 stars,"2,545",$18.22 ,"FREE delivery Fri, Nov 25 on $25 of items shipped by AmazonOr fastest delivery Sun, Nov 20|",B074ZCFLSK,https://m.media-amazon.com/images/I/51CheGfMyBL._AC_UL320_.jpg
1006,https://www.amazon.com/Tweezer-TsMADDTs-Tweezers-Precision-Eyebrows/dp/B0BFQWYJ1N/ref=sr_1_43?crid=27KFZQ2CRFME8&keywords=tweezers&qid=1668803000&sprefix=tweezers%2Caps%2C95&sr=8-43,"Eyebrow Tweezer Set, TsMADDTs 6 Pcs Tweezers Set for Women, Precision Tweezer for Eyebrows with Curved Scissors for Ingrown Hair, Hair Plucking Daily Beauty Tools (Pink&Purple)",($1.33/Count),4.4 out of 5 stars,30,$7.99 ,"FREE delivery Fri, Nov 25 on $25 of items shipped by AmazonOr fastest delivery Sun, Nov 20|",B0BFQWYJ1N,https://m.media-amazon.com/images/I/71GoqSZW66L._AC_UL320_.jpg
1007,https://www.amazon.com/Tweezers-Professional-Stainless-Precision-Blackhead/dp/B0B82M8394/ref=sr_1_44?crid=27KFZQ2CRFME8&keywords=tweezers&qid=1668803000&sprefix=tweezers%2Caps%2C95&sr=8-44,"Tweezers Set, 3Pcs Professional Stainless Steel Tweezers for Eyebrows with storage bag , Great Precision tools for Facial Hair, Splinter and Ingrown Hair, Blackhead Removal (BLACK)",($1.00/Count),4.4 out of 5 stars,78,$2.99 ,"FREE delivery Fri, Nov 25 on $25 of items shipped by AmazonOr fastest delivery Sun, Nov 20|",B0B82M8394,https://m.media-amazon.com/images/I/51oVSaAmfeL._AC_UL320_.jpg
1008,https://www.amazon.com/Fine-Point-Slant-Tweezers-Women/dp/B08WZ2X3ZC/ref=sr_1_45?crid=27KFZQ2CRFME8&keywords=tweezers&qid=1668803000&sprefix=tweezers%2Caps%2C95&sr=8-45,"Fine Point + Slant Tweezers for Women and Men – Splinter, Ticks, Facial, Chin Hair, Brow and Ingrown Hair Removal Set – Sharp, Needle Nose, Stainless Steel, Surgical Precision Pluckers Majestic Bombay",2 Piece Set,4.5 out of 5 stars,"2,251",$11.99 ,"FREE delivery Fri, Nov 25 on $25 of items shipped by AmazonOr fastest delivery Sun, Nov 20||Small Business|Small Business|Small Business|<img alt="""" src=""https://m.media-amazon.com/images/I/111mHoVK0kL._SS200_.png"" height=""50px"" width=""50px""/>  Small Business|<img alt="""" src=""https://m.media-amazon.com/images/I/111mHoVK0kL._SS200_.png"" height=""50px"" width=""50px""/>  Small Business",B08WZ2X3ZC,https://m.media-amazon.com/images/I/51slvy7NFaL._AC_UL320_.jpg|https://m.media-amazon.com/images/I/111mHoVK0kL._SS200_.png|
1009,https://www.amazon.com/PROFESSIONAL-TWEEZERS-PRECISION-PORTABLE-Blackhead/dp/B08BZXZS7T/ref=sr_1_46?crid=27KFZQ2CRFME8&keywords=tweezers&qid=1668803000&sprefix=tweezers%2Caps%2C95&sr=8-46,"PROFESSIONAL Salon TWEEZERS with Easy Scissor Handle, The BEST PRECISION EYEBROW TWEEZERS Men/Women; PORTABLE Beauty tool for facial Hair, Ingrown Hair, Blackhead; Purple MADE IN MEXICO (UPDATED)","FREE delivery Fri, Nov 25 on $25 of items shipped by AmazonOr fastest delivery Sun, Nov 20",4.0 out of 5 stars,845,$7.99 ,"FREE delivery Fri, Nov 25 on $25 of items shipped by AmazonOr fastest delivery Sun, Nov 20|",B08BZXZS7T,https://m.media-amazon.com/images/I/41hitQQdqBL._AC_UL320_.jpg
1010,https://www.amazon.com/Tweezerman-Stainless-Tweezer-Assorted-Colors/dp/B000782SQY/ref=sr_1_47?crid=27KFZQ2CRFME8&keywords=tweezers&qid=1668803000&sprefix=tweezers%2Caps%2C95&sr=8-47,Tweezerman Stainless Steel Point Tweezer in Assorted Colors,1 Count (Pack of 1),4.4 out of 5 stars,"1,797",$17.02 ,"FREE delivery Fri, Nov 25 on $25 of items shipped by AmazonOr fastest delivery Sun, Nov 20|",B000782SQY,https://m.media-amazon.com/images/I/619P46bhi3L._AC_UL320_.jpg
1011,https://www.amazon.com/l-f-Perfect-Tweezer-Ounce-Pack/dp/B004J2K5WI/ref=sr_1_48?crid=27KFZQ2CRFME8&keywords=tweezers&qid=1668803000&sprefix=tweezers%2Caps%2C95&sr=8-48,"e.l.f., Slant Tweezer, Professional Quality Stainless Steel, Provides a Strong Grip, Removes Hairs Accurately, Shapes, Defines, Easy To Use, Ergonomically-Designed",1 Count (Pack of 1),4.4 out of 5 stars,"3,994",$2.00 ,"FREE delivery Fri, Nov 25 on $25 of items shipped by AmazonOr fastest delivery Sun, Nov 20|",B004J2K5WI,https://m.media-amazon.com/images/I/415yNondeSL._AC_UL320_.jpg
1012,https://www.amazon.com/HUELE-Stainless-Slanted-Tweezers-Trimmers/dp/B0716ZS2HS/ref=sr_1_49?crid=27KFZQ2CRFME8&keywords=tweezers&qid=1668803000&sprefix=tweezers%2Caps%2C95&sr=8-49,12Pcs Stainless Steel Tweezers Set - Slant Tip Tweezers for Women Eyebrow Tweezers for Men Precision Facial Hair Tweezers for Eyebrows - Long Tweezers Silver Gripper Tweezers for Ingrown Hair Tool,($0.45/Count),3.7 out of 5 stars,480,$5.39 ,"FREE delivery Tue, Nov 29 on $25 of items shipped by AmazonOr fastest delivery Tue, Nov 22||Climate Pledge Friendly|Climate Pledge Friendly|Climate Pledge Friendly|<img alt="""" src=""https://m.media-amazon.com/images/I/216-OX9rBaL._SS200_.png"" height=""50px"" width=""50px""/>  Climate Pledge Friendly|<img alt="""" src=""https://m.media-amazon.com/images/I/216-OX9rBaL._SS200_.png"" height=""50px"" width=""50px""/>  Climate Pledge Friendly|<img alt="""" src=""https://m.media-amazon.com/images/I/41Y2L-DZWfL._SS200_.png"" height=""50px"" width=""50px""/> Compact by Design (Certified by Amazon)",B0716ZS2HS,https://m.media-amazon.com/images/I/712wwsTevQL._AC_UL320_.jpg|https://m.media-amazon.com/images/I/216-OX9rBaL._SS200_.png||
1013,https://www.amazon.com/Diane-D9183-Slant-Tip-Tweezer/dp/B01DOKCUIW/ref=sr_1_50?crid=27KFZQ2CRFME8&keywords=tweezers&qid=1668803000&sprefix=tweezers%2Caps%2C95&sr=8-50,Diane D9183 Slant Tip Tweezer,1 Count (Pack of 1),4.3 out of 5 stars,550,$2.00 ,"FREE delivery Fri, Nov 25 on $25 of items shipped by AmazonOr fastest delivery Sun, Nov 20|",B01DOKCUIW,https://m.media-amazon.com/images/I/31DvU3wt3eL._AC_UL320_.jpg
1014,https://www.amazon.com/Refine-Tweezers-Slant-Tip-Count/dp/B07D8YJ5T6/ref=sr_1_51?crid=27KFZQ2CRFME8&keywords=tweezers&qid=1668803000&sprefix=tweezers%2Caps%2C95&sr=8-51,"Refine Tweezers Slant Tip, silver, 3 Count",3 Count (Pack of 1),4.3 out of 5 stars,967,$8.87 ,"FREE delivery Fri, Nov 25 on $25 of items shipped by AmazonOr fastest delivery Sun, Nov 20|",B07D8YJ5T6,https://m.media-amazon.com/images/I/31YyzRPJEzL._AC_UL320_.jpg
1015,https://www.amazon.com/Tweezees-Professional-Precision-Stainless-Perfectly/dp/B00PVWRLO0/ref=sr_1_52?crid=27KFZQ2CRFME8&keywords=tweezers&qid=1668803000&sprefix=tweezers%2Caps%2C95&sr=8-52,Ingrown Hair Tweezers | Pointed Tip | Precision Stainless Steel | Extra Sharp and Perfectly Aligned for Ingrown Hair Treatment & Splinter Removal For Men and Women | By Tweezees,"FREE delivery Fri, Nov 25 on $25 of items shipped by AmazonOr fastest delivery Sun, Nov 20",4.5 out of 5 stars,"1,704",$9.99 ,"FREE delivery Fri, Nov 25 on $25 of items shipped by AmazonOr fastest delivery Sun, Nov 20|",B00PVWRLO0,https://m.media-amazon.com/images/I/61d4db5tiXL._AC_UL320_.jpg
1016,https://www.amazon.com/AmazonCommercial-Professional-Stainless-Tweezer-Tweezers/dp/B08JDSW1X2/ref=sr_1_53?crid=27KFZQ2CRFME8&keywords=tweezers&qid=1668803000&sprefix=tweezers%2Caps%2C95&sr=8-53,"AmazonCommercial Professional Stainless Steel Slant Tip Tweezer, Eyebrow Tweezers for Your Daily Beauty Routine",FREE delivery,4.4 out of 5 stars,"2,041",$7.28 ,FREE delivery,B08JDSW1X2,https://m.media-amazon.com/images/I/41ZZmxx7oLS._AC_UL320_.jpg
1017,https://www.amazon.com/Refine-Wide-Grip-Slant-Tweezers/dp/B07D93DS8W/ref=sr_1_54?crid=27KFZQ2CRFME8&keywords=tweezers&qid=1668803000&sprefix=tweezers%2Caps%2C95&sr=8-54,Refine Wide Grip Slant Tip Tweezers,1 Count (Pack of 1),4.4 out of 5 stars,"3,350",$8.35 ,"FREE delivery Fri, Nov 25 on $25 of items shipped by AmazonOr fastest delivery Sun, Nov 20|",B07D93DS8W,https://m.media-amazon.com/images/I/31X8dV+vTyL._AC_UL320_.jpg
1018,https://www.amazon.com/Tweezers-Set-Professional-Stainless-Precision/dp/B08ZDQ8ZK3/ref=sr_1_55?crid=27KFZQ2CRFME8&keywords=tweezers&qid=1668803000&sprefix=tweezers%2Caps%2C95&sr=8-55,"SUCOOR Tweezers Set - 4Pcs Professional Stainless Steel Tweezers, Best Precision Tweezers Set for Shaping Eyebrows, Great Beauty Tools for Facial Hair, Ingrown Hair, Blackhead Removal.(Multi-color)",4 Piece Set,4.5 out of 5 stars,"2,012",$6.99 ,"FREE delivery Fri, Nov 25 on $25 of items shipped by AmazonOr fastest delivery Sun, Nov 20|",B08ZDQ8ZK3,https://m.media-amazon.com/images/I/61QChMhNS4L._AC_UL320_.jpg
1019,https://www.amazon.com/Revlon-Expert-Tweezer-Slant-Pack/dp/B00IVLCJSG/ref=sr_1_56?crid=27KFZQ2CRFME8&keywords=tweezers&qid=1668803000&sprefix=tweezers%2Caps%2C95&sr=8-56,"Revlon Expert Tweezer, Slant Tip (Pack of 3)",1 Count (Pack of 3),4.6 out of 5 stars,548,$16.99 ,"FREE delivery Fri, Nov 25 on $25 of items shipped by AmazonOr fastest delivery Sun, Nov 20|",B00IVLCJSG,https://m.media-amazon.com/images/I/61MxRVGirTL._AC_UL320_.jpg
1020,https://www.amazon.com/Tweezerman-Petite-Tweezer-Black-Leather/dp/B000WI1VU8/ref=sr_1_57?crid=27KFZQ2CRFME8&keywords=tweezers&qid=1668803000&sprefix=tweezers%2Caps%2C95&sr=8-57,Tweezerman Petite Tweeze Set with Black Case Model No. 4048-BR,2 Piece Set,4.7 out of 5 stars,"1,962",$22.98 ,"FREE delivery Fri, Nov 25 on $25 of items shipped by AmazonOr fastest delivery Sun, Nov 20|",B000WI1VU8,https://m.media-amazon.com/images/I/51BIXjtDzYL._AC_UL320_.jpg
1021,https://www.amazon.com/Surgical-Tweezers-Ingrown-Hair-Stainless/dp/B07SQ48TW2/ref=sr_1_58?crid=27KFZQ2CRFME8&keywords=tweezers&qid=1668803000&sprefix=tweezers%2Caps%2C95&sr=8-58,"Fine Point Tweezers for Women and Men – Splinter, Ticks, Facial or Chin Hair, Brow and Ingrown Hair Removal – Sharp, Needle Nose, Stainless Steel, Surgical Tweezers Precision Pluckers Majestic Bombay",1 Count (Pack of 1),4.4 out of 5 stars,"17,082",$8.97 ,"FREE delivery Fri, Nov 25 on $25 of items shipped by AmazonOr fastest delivery Sun, Nov 20||Small Business|Small Business|Small Business|<img alt="""" src=""https://m.media-amazon.com/images/I/111mHoVK0kL._SS200_.png"" height=""50px"" width=""50px""/>  Small Business|<img alt="""" src=""https://m.media-amazon.com/images/I/111mHoVK0kL._SS200_.png"" height=""50px"" width=""50px""/>  Small Business",B07SQ48TW2,https://m.media-amazon.com/images/I/51DF0m4b2sL._AC_UL320_.jpg|https://m.media-amazon.com/images/I/111mHoVK0kL._SS200_.png|
1022,https://www.amazon.com/Surgical-Tweezers-Ingrown-Hair-Precision/dp/B08234N9ZN/ref=sr_1_59?crid=27KFZQ2CRFME8&keywords=tweezers&qid=1668803000&sprefix=tweezers%2Caps%2C95&sr=8-59,"Fine Point Tweezers for Women and Men – Splinter, Ticks, Facial or Chin Hair, Brow and Ingrown Hair Removal – Sharp, Needle Nose, Stainless Steel, Surgical Tweezers Precision Pluckers Majestic Bombay",1 Count (Pack of 1),4.4 out of 5 stars,"1,199",$13.99 ,"FREE delivery Fri, Nov 25 on $25 of items shipped by AmazonOr fastest delivery Sun, Nov 20||Small Business|Small Business|Small Business|<img alt="""" src=""https://m.media-amazon.com/images/I/111mHoVK0kL._SS200_.png"" height=""50px"" width=""50px""/>  Small Business|<img alt="""" src=""https://m.media-amazon.com/images/I/111mHoVK0kL._SS200_.png"" height=""50px"" width=""50px""/>  Small Business",B08234N9ZN,https://m.media-amazon.com/images/I/61fobj51gYL._AC_UL320_.jpg|https://m.media-amazon.com/images/I/111mHoVK0kL._SS200_.png|
1023,https://www.amazon.com/Surgical-Tweezers-Ingrown-Hair-Precision/dp/B08234WYK1/ref=sr_1_60?crid=27KFZQ2CRFME8&keywords=tweezers&qid=1668803000&sprefix=tweezers%2Caps%2C95&sr=8-60,"Fine Point Tweezers for Women and Men – Splinter, Ticks, Facial or Chin Hair, Brow and Ingrown Hair Removal – Sharp, Needle Nose, Stainless Steel, Surgical Tweezers Precision Pluckers Majestic Bombay",2 Count (Pack of 1),4.5 out of 5 stars,"1,533",$12.99 ,"FREE delivery Fri, Nov 25 on $25 of items shipped by AmazonOr fastest delivery Sun, Nov 20||Small Business|Small Business|Small Business|<img alt="""" src=""https://m.media-amazon.com/images/I/111mHoVK0kL._SS200_.png"" height=""50px"" width=""50px""/>  Small Business|<img alt="""" src=""https://m.media-amazon.com/images/I/111mHoVK0kL._SS200_.png"" height=""50px"" width=""50px""/>  Small Business",B08234WYK1,https://m.media-amazon.com/images/I/61c2BDVDn8L._AC_UL320_.jpg|https://m.media-amazon.com/images/I/111mHoVK0kL._SS200_.png|
1024,https://www.amazon.com/sspa/click?ie=UTF8&spc=MTo0ODEwMDUwODYxNTY0NDMwOjE2Njg4MDMwMDA6c3Bfc2VhcmNoX3RoZW1hdGljX2J0ZjoyMDAwODM2ODU2NTYyOTg6OjA6Og&url=%2FLUDOUPIER-Precision-Professional-Anti-rust-Multi-purpose%2Fdp%2FB07SSXX8MT%2Fref%3Dsxbs_pa_sp_search_thematic_btf_sspa%3Fcontent-id%3Damzn1.sym.58cc9a81-ce69-447f-ae9a-f946e256a203%253Aamzn1.sym.58cc9a81-ce69-447f-ae9a-f946e256a203%26crid%3D27KFZQ2CRFME8%26cv_ct_cx%3Dtweezers%26keywords%3Dtweezers%26pd_rd_i%3DB07SSXX8MT%26pd_rd_r%3D192c474f-dd8b-48f5-b072-36c278c3eb4f%26pd_rd_w%3DcmClr%26pd_rd_wg%3D3l6iC%26pf_rd_p%3D58cc9a81-ce69-447f-ae9a-f946e256a203%26pf_rd_r%3D8GYAJEBVAXH069CGYHAF%26qid%3D1668803000%26sprefix%3Dtweezers%252Caps%252C95%26sr%3D1-1-5434e42d-8be2-4d7d-bf67-67dd4fa72054-spons%26sp_csd%3Dd2lkZ2V0TmFtZT1zcF9zZWFyY2hfdGhlbWF0aWNfYnRm%26psc%3D1,"LUDOUPIER [4+1 Pieces] Tweezers Set with Travel Case, Great Precision Upgrade Professional Anti-rust Alloy Tweezers for Women & Men, Multi-purpose as Eyebrows Facial Hair Ingrown Hair Removal",Sponsored,4.6 out of 5 stars|5.0 out of 5 stars|4.9 out of 5 stars|4.8 out of 5 stars,"28,001|2|35|31",$9.85 ,,,https://m.media-amazon.com/images/I/61HvkcZfzfL._AC_UL320_.jpg|https://m.media-amazon.com/images/I/81d73EHUoYL._AC_UL320_.jpg|https://m.media-amazon.com/images/I/71dBf8a86IL._AC_UL320_.jpg|https://m.media-amazon.com/images/I/51spOD--6dL._AC_UL320_.jpg
1025,https://www.amazon.com/sspa/click?ie=UTF8&spc=MTo0ODEwMDUwODYxNTY0NDMwOjE2Njg4MDMwMDA6c3Bfc2VhcmNoX3RoZW1hdGljX2J0ZjoyMDAwODM2ODU2NTYyOTg6OjA6Og&url=%2FLUDOUPIER-Precision-Professional-Anti-rust-Multi-purpose%2Fdp%2FB07SSXX8MT%2Fref%3Dsxbs_pa_sp_search_thematic_btf_sspa%3Fcontent-id%3Damzn1.sym.58cc9a81-ce69-447f-ae9a-f946e256a203%253Aamzn1.sym.58cc9a81-ce69-447f-ae9a-f946e256a203%26crid%3D27KFZQ2CRFME8%26cv_ct_cx%3Dtweezers%26keywords%3Dtweezers%26pd_rd_i%3DB07SSXX8MT%26pd_rd_r%3D192c474f-dd8b-48f5-b072-36c278c3eb4f%26pd_rd_w%3DcmClr%26pd_rd_wg%3D3l6iC%26pf_rd_p%3D58cc9a81-ce69-447f-ae9a-f946e256a203%26pf_rd_r%3D8GYAJEBVAXH069CGYHAF%26qid%3D1668803000%26sprefix%3Dtweezers%252Caps%252C95%26sr%3D1-1-5434e42d-8be2-4d7d-bf67-67dd4fa72054-spons%26sp_csd%3Dd2lkZ2V0TmFtZT1zcF9zZWFyY2hfdGhlbWF0aWNfYnRm%26psc%3D1,"LUDOUPIER [4+1 Pieces] Tweezers Set with Travel Case, Great Precision Upgrade Professional Anti-rust Alloy Tweezers for Women & Men, Multi-purpose as Eyebrows Facial Hair Ingrown Hair Removal",Sponsored,4.6 out of 5 stars,"28,001",$9.85 ,,B07SSXX8MT,https://m.media-amazon.com/images/I/61HvkcZfzfL._AC_UL320_.jpg
1026,https://www.amazon.com/sspa/click?ie=UTF8&spc=MTo0ODEwMDUwODYxNTY0NDMwOjE2Njg4MDMwMDA6c3Bfc2VhcmNoX3RoZW1hdGljX2J0Zjo6OjE6QjBCNlc1TFRXUzpzZWFyY2g&url=%2FDAZZLINE-Premium-Tweezers-Eyebrow-Precision%2Fdp%2FB0B6W5LTWS%2Fref%3Dsxbs_pa_sp_search_thematic_btf_sspa%3Fcontent-id%3Damzn1.sym.58cc9a81-ce69-447f-ae9a-f946e256a203%253Aamzn1.sym.58cc9a81-ce69-447f-ae9a-f946e256a203%26crid%3D27KFZQ2CRFME8%26cv_ct_cx%3Dtweezers%26keywords%3Dtweezers%26pd_rd_i%3DB0B6W5LTWS%26pd_rd_r%3D192c474f-dd8b-48f5-b072-36c278c3eb4f%26pd_rd_w%3DcmClr%26pd_rd_wg%3D3l6iC%26pf_rd_p%3D58cc9a81-ce69-447f-ae9a-f946e256a203%26pf_rd_r%3D8GYAJEBVAXH069CGYHAF%26qid%3D1668803000%26sprefix%3Dtweezers%252Caps%252C95%26sr%3D1-2-5434e42d-8be2-4d7d-bf67-67dd4fa72054-spons%26sp_csd%3Dd2lkZ2V0TmFtZT1zcF9zZWFyY2hfdGhlbWF0aWNfYnRm%26psc%3D1,DAZZLINE Premium 4PC Tweezers Set | Eyebrow Hair Removal Tweezers for Women | Facial Hair Remover Tweezer Eyebrow Kit | Tweezers Precision | Eyebrow Tweezers | Hair Tweezers| Tweezers Set,($2.50/Count),5.0 out of 5 stars,2,$9.99 ,,B0B6W5LTWS,https://m.media-amazon.com/images/I/81d73EHUoYL._AC_UL320_.jpg
1027,https://www.amazon.com/sspa/click?ie=UTF8&spc=MTo0ODEwMDUwODYxNTY0NDMwOjE2Njg4MDMwMDA6c3Bfc2VhcmNoX3RoZW1hdGljX2J0Zjo6OjI6QjBCMUNITENMNjpzZWFyY2g&url=%2FMegaluxe-Deluxe-Solid-Clippers-Tweezers%2Fdp%2FB0B1CHLCL6%2Fref%3Dsxbs_pa_sp_search_thematic_btf_sspa%3Fcontent-id%3Damzn1.sym.58cc9a81-ce69-447f-ae9a-f946e256a203%253Aamzn1.sym.58cc9a81-ce69-447f-ae9a-f946e256a203%26crid%3D27KFZQ2CRFME8%26cv_ct_cx%3Dtweezers%26keywords%3Dtweezers%26pd_rd_i%3DB0B1CHLCL6%26pd_rd_r%3D192c474f-dd8b-48f5-b072-36c278c3eb4f%26pd_rd_w%3DcmClr%26pd_rd_wg%3D3l6iC%26pf_rd_p%3D58cc9a81-ce69-447f-ae9a-f946e256a203%26pf_rd_r%3D8GYAJEBVAXH069CGYHAF%26qid%3D1668803000%26sprefix%3Dtweezers%252Caps%252C95%26sr%3D1-3-5434e42d-8be2-4d7d-bf67-67dd4fa72054-spons%26sp_csd%3Dd2lkZ2V0TmFtZT1zcF9zZWFyY2hfdGhlbWF0aWNfYnRm%26psc%3D1,"Megaluxe Deluxe nail care set, Solid Metal Nail File, Extra Wide Nail Clippers, Slant Tip Tweezers",Join Prime to buy this item at $19.99,4.9 out of 5 stars,35,$25.99 ,,B0B1CHLCL6,https://m.media-amazon.com/images/I/71dBf8a86IL._AC_UL320_.jpg
1028,https://www.amazon.com/sspa/click?ie=UTF8&spc=MTo0ODEwMDUwODYxNTY0NDMwOjE2Njg4MDMwMDA6c3Bfc2VhcmNoX3RoZW1hdGljX2J0Zjo6OjM6QjA5Q0NaUkRGNTpzZWFyY2g&url=%2FACTROL-Extension-Stainless-Professional-Precision%2Fdp%2FB09CCZRDF5%2Fref%3Dsxbs_pa_sp_search_thematic_btf_sspa%3Fcontent-id%3Damzn1.sym.58cc9a81-ce69-447f-ae9a-f946e256a203%253Aamzn1.sym.58cc9a81-ce69-447f-ae9a-f946e256a203%26crid%3D27KFZQ2CRFME8%26cv_ct_cx%3Dtweezers%26keywords%3Dtweezers%26pd_rd_i%3DB09CCZRDF5%26pd_rd_r%3D192c474f-dd8b-48f5-b072-36c278c3eb4f%26pd_rd_w%3DcmClr%26pd_rd_wg%3D3l6iC%26pf_rd_p%3D58cc9a81-ce69-447f-ae9a-f946e256a203%26pf_rd_r%3D8GYAJEBVAXH069CGYHAF%26qid%3D1668803000%26sprefix%3Dtweezers%252Caps%252C95%26sr%3D1-4-5434e42d-8be2-4d7d-bf67-67dd4fa72054-spons%26sp_csd%3Dd2lkZ2V0TmFtZT1zcF9zZWFyY2hfdGhlbWF0aWNfYnRm%26psc%3D1,ACTROL Eyelash Extension Silver Tweezers Set 2 PCS for Volume Lashes Stainless Steel Professional Precision Tweezers Straight and Curved Tip Tweezers,($2.80/Count),4.8 out of 5 stars,31,$5.59 ,,B09CCZRDF5,https://m.media-amazon.com/images/I/51spOD--6dL._AC_UL320_.jpg
1036,https://www.amazon.com/sspa/click?ie=UTF8&spc=MTozNTY0NjAyMTc2MTE1ODM4OjE2Njg4MDMwMzM6c3BfYXRmOjIwMDAyMDE1NDYzMDI1MTo6MDo6&url=%2FMrs-Meyer%25C2%25B4s-Clean-Day-Verbena%2Fdp%2FB00NU9MJYS%2Fref%3Dsr_1_1_sspa%3Fcrid%3DLE29BBXZRSHU%26keywords%3Dhand%2Bsoap%26qid%3D1668803033%26sprefix%3Dhand%2Bsoap%252Caps%252C141%26sr%3D8-1-spons%26sp_csd%3Dd2lkZ2V0TmFtZT1zcF9hdGY%26psc%3D1,"Mrs. Meyer's Hand Soap, Made with Essential Oils, Biodegradable Formula, Lemon Verbena, 12.5 fl. oz - Pack of 3",Sponsored,4.7 out of 5 stars,"28,008",$13.47 ,"FREE delivery Fri, Nov 25 on $25 of items shipped by AmazonOr fastest delivery Sun, Nov 20||Climate Pledge Friendly|Climate Pledge Friendly|Climate Pledge Friendly|<img alt="""" src=""https://m.media-amazon.com/images/I/216-OX9rBaL._SS200_.png"" height=""50px"" width=""50px""/>  Climate Pledge Friendly|<img alt="""" src=""https://m.media-amazon.com/images/I/216-OX9rBaL._SS200_.png"" height=""50px"" width=""50px""/>  Climate Pledge Friendly|<img alt="""" src=""https://m.media-amazon.com/images/I/31qtcPd2ODL._SS200_.png"" height=""50px"" width=""50px""/> ECOLOGO",B00NU9MJYS,https://m.media-amazon.com/images/I/81vwyX2Wu8L._AC_UL320_.jpg|https://m.media-amazon.com/images/I/216-OX9rBaL._SS200_.png||
1037,https://www.amazon.com/sspa/click?ie=UTF8&spc=MTozNTY0NjAyMTc2MTE1ODM4OjE2Njg4MDMwMzM6c3BfYXRmOjIwMDAyMDkxOTM2MjQ1MTo6MDo6&url=%2FMeyers-Cruelty-Biodegradable-Formula-Essential%2Fdp%2FB00MH8R7IG%2Fref%3Dsr_1_2_sspa%3Fcrid%3DLE29BBXZRSHU%26keywords%3Dhand%2Bsoap%26qid%3D1668803033%26sprefix%3Dhand%2Bsoap%252Caps%252C141%26sr%3D8-2-spons%26sp_csd%3Dd2lkZ2V0TmFtZT1zcF9hdGY%26psc%3D1,"Mrs. Meyer's Hand Soap, Made with Essential Oils, Biodegradable Formula, Basil, 12.5 fl. oz - Pack of 3",Sponsored,4.7 out of 5 stars,"47,005",$14.48 ,"FREE delivery Fri, Nov 25 on $25 of items shipped by AmazonOr fastest delivery Sun, Nov 20||Climate Pledge Friendly|Climate Pledge Friendly|Climate Pledge Friendly|<img alt="""" src=""https://m.media-amazon.com/images/I/216-OX9rBaL._SS200_.png"" height=""50px"" width=""50px""/>  Climate Pledge Friendly|<img alt="""" src=""https://m.media-amazon.com/images/I/216-OX9rBaL._SS200_.png"" height=""50px"" width=""50px""/>  Climate Pledge Friendly|<img alt="""" src=""https://m.media-amazon.com/images/I/31qtcPd2ODL._SS200_.png"" height=""50px"" width=""50px""/> ECOLOGO",B00MH8R7IG,https://m.media-amazon.com/images/I/81qaEj-bLEL._AC_UL320_.jpg|https://m.media-amazon.com/images/I/216-OX9rBaL._SS200_.png||
1038,https://www.amazon.com/sspa/click?ie=UTF8&spc=MTozNTY0NjAyMTc2MTE1ODM4OjE2Njg4MDMwMzM6c3BfYXRmOjIwMDA5NTAwMDQyMjc5ODo6MDo6&url=%2FLemongrass-Naturally-Ingredients-Cruelty-Free-Moisturizing%2Fdp%2FB08NFJ21GB%2Fref%3Dsr_1_3_sspa%3Fcrid%3DLE29BBXZRSHU%26keywords%3Dhand%2Bsoap%26qid%3D1668803033%26sprefix%3Dhand%2Bsoap%252Caps%252C141%26sr%3D8-3-spons%26sp_csd%3Dd2lkZ2V0TmFtZT1zcF9hdGY%26psc%3D1,"Evolved By Nature Liquid Hand Soap Refill, Lemongrass Lavender Essential Oils, Moisturizing Naturally Derived Ingredients Biodegradable Hand Wash, Gallon (128 oz). Packaging May Vary",Sponsored,4.4 out of 5 stars,"1,241",$31.99 ,"FREE delivery Fri, Nov 25 Or fastest delivery Sun, Nov 20||Small Business|Small Business|Small Business|<img alt="""" src=""https://m.media-amazon.com/images/I/111mHoVK0kL._SS200_.png"" height=""50px"" width=""50px""/>  Small Business|<img alt="""" src=""https://m.media-amazon.com/images/I/111mHoVK0kL._SS200_.png"" height=""50px"" width=""50px""/>  Small Business",B08NFJ21GB,https://m.media-amazon.com/images/I/41nIavA8+nL._AC_UL320_.jpg|https://m.media-amazon.com/images/I/111mHoVK0kL._SS200_.png|
1039,https://www.amazon.com/sspa/click?ie=UTF8&spc=MTozNTY0NjAyMTc2MTE1ODM4OjE2Njg4MDMwMzM6c3BfYXRmOjIwMDA4MzAxODM4MDI1MTo6MDo6&url=%2FMethod-French-Lavender-Ounce-count%2Fdp%2FB08KKCT29M%2Fref%3Dsr_1_4_sspa%3Fcrid%3DLE29BBXZRSHU%26keywords%3Dhand%2Bsoap%26qid%3D1668803033%26sprefix%3Dhand%2Bsoap%252Caps%252C141%26sr%3D8-4-spons%26sp_csd%3Dd2lkZ2V0TmFtZT1zcF9hdGY%26psc%3D1,"Method Gel Hand Wash, French Lavender, 12 oz, 3 pack, Packaging May Vary",Sponsored,4.6 out of 5 stars,"1,018",$13.47 ,"FREE delivery Fri, Nov 25 on $25 of items shipped by AmazonOr fastest delivery Sun, Nov 20|",B08KKCT29M,https://m.media-amazon.com/images/I/61JUKBIh2YL._AC_UL320_.jpg
1040,https://www.amazon.com/Softsoap-Liquid-Hand-Soap-Honey/dp/B079FYJC97/ref=sr_1_5?crid=LE29BBXZRSHU&keywords=hand+soap&qid=1668803033&rdc=1&sprefix=hand+soap%2Caps%2C141&sr=8-5,"Softsoap Moisturizing Liquid Hand Soap, Milk and Honey, 7.5 Fluid Ounce, Pack of 6 (Package may vary)",7.5 Fl Oz (Pack of 6),4.8 out of 5 stars,"92,723",$7.44 ,"FREE delivery Fri, Nov 25 on $25 of items shipped by AmazonOr fastest delivery Sun, Nov 20|",B079FYJC97,https://m.media-amazon.com/images/I/71vnMm1jTIL._AC_UL320_.jpg
1041,https://www.amazon.com/Method-Sweet-Water-Ounce-count/dp/B08KKK8D8K/ref=sr_1_6?crid=LE29BBXZRSHU&keywords=hand+soap&qid=1668803033&sprefix=hand+soap%2Caps%2C141&sr=8-6,"Method Gel Hand Soap, Sweet Water, 12 oz, 3 pack, Packaging May Vary",12 Fl Oz (Pack of 3),4.6 out of 5 stars,"1,018",$8.94 ,"FREE delivery Fri, Nov 25 on $25 of items shipped by AmazonOr fastest delivery Sun, Nov 20|",B08KKK8D8K,https://m.media-amazon.com/images/I/51xhDxD2pYL._AC_UL320_.jpg
1042,https://www.amazon.com/Mrs-Meyers-Liquid-Hand-Rainwater/dp/B07TJG79HP/ref=sr_1_7?crid=LE29BBXZRSHU&keywords=hand+soap&qid=1668803033&sprefix=hand+soap%2Caps%2C141&sr=8-7,"Mrs. Meyer's Hand Soap, Made with Essential Oils, Biodegradable Formula, Rain Water, 12.5 fl. oz - Pack of 3",12.5 Fl Oz (Pack of 3),4.8 out of 5 stars,"15,268",$14.64 ,"FREE delivery Fri, Nov 25 on $25 of items shipped by AmazonOr fastest delivery Sun, Nov 20|",B07TJG79HP,https://m.media-amazon.com/images/I/81S09phPPPL._AC_UL320_.jpg
1043,https://www.amazon.com/sspa/click?ie=UTF8&spc=MTo0MjQzNDA3MjkyMzQ2NjgzOjE2Njg4MDMwMzQ6c3Bfc2VhcmNoX3RoZW1hdGljOjIwMDAyMDkxOTM2MjQ1MTo6MDo6&url=%2FMeyers-Cruelty-Biodegradable-Formula-Essential%2Fdp%2FB00MH8R7IG%2Fref%3Dsxin_13_pa_sp_search_thematic_sspa%3Fcontent-id%3Damzn1.sym.4e7a2229-074e-44de-95c4-9fd858f46295%253Aamzn1.sym.4e7a2229-074e-44de-95c4-9fd858f46295%26crid%3DLE29BBXZRSHU%26cv_ct_cx%3Dhand%2Bsoap%26keywords%3Dhand%2Bsoap%26pd_rd_i%3DB00MH8R7IG%26pd_rd_r%3D053593c4-4768-46dc-a9cf-b04fe4c11ae5%26pd_rd_w%3Dx9la9%26pd_rd_wg%3DBmfC8%26pf_rd_p%3D4e7a2229-074e-44de-95c4-9fd858f46295%26pf_rd_r%3DGAEXFSWAJEDJXVWX2XSF%26qid%3D1668803033%26sprefix%3Dhand%2Bsoap%252Caps%252C141%26sr%3D1-1-a73d1c8c-2fd2-4f19-aa41-2df022bcb241-spons%26sp_csd%3Dd2lkZ2V0TmFtZT1zcF9zZWFyY2hfdGhlbWF0aWM%26psc%3D1,"Mrs. Meyer's Hand Soap, Made with Essential Oils, Biodegradable Formula, Basil, 12.5 fl. oz - Pack of 3",Sponsored | Based on star rating and number of customer ratings,4.7 out of 5 stars|4.7 out of 5 stars|4.4 out of 5 stars|4.4 out of 5 stars|4.7 out of 5 stars,"47,005|28,008|1,241|1,124|8,867",$14.48 ,"Climate Pledge Friendly|Climate Pledge Friendly|Climate Pledge Friendly|<img alt="""" src=""https://m.media-amazon.com/images/I/216-OX9rBaL._SS200_.png"" height=""50px"" width=""50px""/>  Climate Pledge Friendly|<img alt="""" src=""https://m.media-amazon.com/images/I/216-OX9rBaL._SS200_.png"" height=""50px"" width=""50px""/>  Climate Pledge Friendly|<img alt="""" src=""https://m.media-amazon.com/images/I/31qtcPd2ODL._SS200_.png"" height=""50px"" width=""50px""/> ECOLOGO|Climate Pledge Friendly|Climate Pledge Friendly|Climate Pledge Friendly|<img alt="""" src=""https://m.media-amazon.com/images/I/216-OX9rBaL._SS200_.png"" height=""50px"" width=""50px""/>  Climate Pledge Friendly|<img alt="""" src=""https://m.media-amazon.com/images/I/216-OX9rBaL._SS200_.png"" height=""50px"" width=""50px""/>  Climate Pledge Friendly|<img alt="""" src=""https://m.media-amazon.com/images/I/31qtcPd2ODL._SS200_.png"" height=""50px"" width=""50px""/> ECOLOGO|Small Business|Small Business|Small Business|<img alt="""" src=""https://m.media-amazon.com/images/I/111mHoVK0kL._SS200_.png"" height=""50px"" width=""50px""/>  Small Business|<img alt="""" src=""https://m.media-amazon.com/images/I/111mHoVK0kL._SS200_.png"" height=""50px"" width=""50px""/>  Small Business|Small Business|Small Business|Small Business|<img alt="""" src=""https://m.media-amazon.com/images/I/111mHoVK0kL._SS200_.png"" height=""50px"" width=""50px""/>  Small Business|<img alt="""" src=""https://m.media-amazon.com/images/I/111mHoVK0kL._SS200_.png"" height=""50px"" width=""50px""/>  Small Business",,https://m.media-amazon.com/images/I/81qaEj-bLEL._AC_UL320_.jpg|https://m.media-amazon.com/images/I/216-OX9rBaL._SS200_.png|||https://m.media-amazon.com/images/I/81vwyX2Wu8L._AC_UL320_.jpg|https://m.media-amazon.com/images/I/216-OX9rBaL._SS200_.png|||https://m.media-amazon.com/images/I/41nIavA8+nL._AC_UL320_.jpg|https://m.media-amazon.com/images/I/111mHoVK0kL._SS200_.png||https://m.media-amazon.com/images/I/41pgXFTdPDL._AC_UL320_.jpg|https://m.media-amazon.com/images/I/111mHoVK0kL._SS200_.png||https://m.media-amazon.com/images/I/71pYghO6AaL._AC_UL320_.jpg
1044,https://www.amazon.com/sspa/click?ie=UTF8&spc=MTo0MjQzNDA3MjkyMzQ2NjgzOjE2Njg4MDMwMzQ6c3Bfc2VhcmNoX3RoZW1hdGljOjIwMDAyMDkxOTM2MjQ1MTo6MDo6&url=%2FMeyers-Cruelty-Biodegradable-Formula-Essential%2Fdp%2FB00MH8R7IG%2Fref%3Dsxin_13_pa_sp_search_thematic_sspa%3Fcontent-id%3Damzn1.sym.4e7a2229-074e-44de-95c4-9fd858f46295%253Aamzn1.sym.4e7a2229-074e-44de-95c4-9fd858f46295%26crid%3DLE29BBXZRSHU%26cv_ct_cx%3Dhand%2Bsoap%26keywords%3Dhand%2Bsoap%26pd_rd_i%3DB00MH8R7IG%26pd_rd_r%3D053593c4-4768-46dc-a9cf-b04fe4c11ae5%26pd_rd_w%3Dx9la9%26pd_rd_wg%3DBmfC8%26pf_rd_p%3D4e7a2229-074e-44de-95c4-9fd858f46295%26pf_rd_r%3DGAEXFSWAJEDJXVWX2XSF%26qid%3D1668803033%26sprefix%3Dhand%2Bsoap%252Caps%252C141%26sr%3D1-1-a73d1c8c-2fd2-4f19-aa41-2df022bcb241-spons%26sp_csd%3Dd2lkZ2V0TmFtZT1zcF9zZWFyY2hfdGhlbWF0aWM%26psc%3D1,"Mrs. Meyer's Hand Soap, Made with Essential Oils, Biodegradable Formula, Basil, 12.5 fl. oz - Pack of 3",12.5 Fl Oz (Pack of 3),4.7 out of 5 stars,"47,005",$14.48 ,"Climate Pledge Friendly|Climate Pledge Friendly|Climate Pledge Friendly|<img alt="""" src=""https://m.media-amazon.com/images/I/216-OX9rBaL._SS200_.png"" height=""50px"" width=""50px""/>  Climate Pledge Friendly|<img alt="""" src=""https://m.media-amazon.com/images/I/216-OX9rBaL._SS200_.png"" height=""50px"" width=""50px""/>  Climate Pledge Friendly|<img alt="""" src=""https://m.media-amazon.com/images/I/31qtcPd2ODL._SS200_.png"" height=""50px"" width=""50px""/> ECOLOGO",B00MH8R7IG,https://m.media-amazon.com/images/I/81qaEj-bLEL._AC_UL320_.jpg|https://m.media-amazon.com/images/I/216-OX9rBaL._SS200_.png||
1045,https://www.amazon.com/sspa/click?ie=UTF8&spc=MTo0MjQzNDA3MjkyMzQ2NjgzOjE2Njg4MDMwMzQ6c3Bfc2VhcmNoX3RoZW1hdGljOjIwMDAyMDE1NDYzMDI1MTo6MTo6&url=%2FMrs-Meyer%25C2%25B4s-Clean-Day-Verbena%2Fdp%2FB00NU9MJYS%2Fref%3Dsxin_13_pa_sp_search_thematic_sspa%3Fcontent-id%3Damzn1.sym.4e7a2229-074e-44de-95c4-9fd858f46295%253Aamzn1.sym.4e7a2229-074e-44de-95c4-9fd858f46295%26crid%3DLE29BBXZRSHU%26cv_ct_cx%3Dhand%2Bsoap%26keywords%3Dhand%2Bsoap%26pd_rd_i%3DB00NU9MJYS%26pd_rd_r%3D053593c4-4768-46dc-a9cf-b04fe4c11ae5%26pd_rd_w%3Dx9la9%26pd_rd_wg%3DBmfC8%26pf_rd_p%3D4e7a2229-074e-44de-95c4-9fd858f46295%26pf_rd_r%3DGAEXFSWAJEDJXVWX2XSF%26qid%3D1668803033%26sprefix%3Dhand%2Bsoap%252Caps%252C141%26sr%3D1-2-a73d1c8c-2fd2-4f19-aa41-2df022bcb241-spons%26sp_csd%3Dd2lkZ2V0TmFtZT1zcF9zZWFyY2hfdGhlbWF0aWM%26psc%3D1,"Mrs. Meyer's Hand Soap, Made with Essential Oils, Biodegradable Formula, Lemon Verbena, 12.5 fl. oz - Pack of 3",12.5 Fl Oz (Pack of 3),4.7 out of 5 stars,"28,008",$13.47 ,"Climate Pledge Friendly|Climate Pledge Friendly|Climate Pledge Friendly|<img alt="""" src=""https://m.media-amazon.com/images/I/216-OX9rBaL._SS200_.png"" height=""50px"" width=""50px""/>  Climate Pledge Friendly|<img alt="""" src=""https://m.media-amazon.com/images/I/216-OX9rBaL._SS200_.png"" height=""50px"" width=""50px""/>  Climate Pledge Friendly|<img alt="""" src=""https://m.media-amazon.com/images/I/31qtcPd2ODL._SS200_.png"" height=""50px"" width=""50px""/> ECOLOGO",B00NU9MJYS,https://m.media-amazon.com/images/I/81vwyX2Wu8L._AC_UL320_.jpg|https://m.media-amazon.com/images/I/216-OX9rBaL._SS200_.png||
1046,https://www.amazon.com/sspa/click?ie=UTF8&spc=MTo0MjQzNDA3MjkyMzQ2NjgzOjE2Njg4MDMwMzQ6c3Bfc2VhcmNoX3RoZW1hdGljOjIwMDA5NTAwMDQyMjc5ODo6Mjo6&url=%2FLemongrass-Naturally-Ingredients-Cruelty-Free-Moisturizing%2Fdp%2FB08NFJ21GB%2Fref%3Dsxin_13_pa_sp_search_thematic_sspa%3Fcontent-id%3Damzn1.sym.4e7a2229-074e-44de-95c4-9fd858f46295%253Aamzn1.sym.4e7a2229-074e-44de-95c4-9fd858f46295%26crid%3DLE29BBXZRSHU%26cv_ct_cx%3Dhand%2Bsoap%26keywords%3Dhand%2Bsoap%26pd_rd_i%3DB08NFJ21GB%26pd_rd_r%3D053593c4-4768-46dc-a9cf-b04fe4c11ae5%26pd_rd_w%3Dx9la9%26pd_rd_wg%3DBmfC8%26pf_rd_p%3D4e7a2229-074e-44de-95c4-9fd858f46295%26pf_rd_r%3DGAEXFSWAJEDJXVWX2XSF%26qid%3D1668803033%26sprefix%3Dhand%2Bsoap%252Caps%252C141%26sr%3D1-3-a73d1c8c-2fd2-4f19-aa41-2df022bcb241-spons%26sp_csd%3Dd2lkZ2V0TmFtZT1zcF9zZWFyY2hfdGhlbWF0aWM%26psc%3D1,"Evolved By Nature Liquid Hand Soap Refill, Lemongrass Lavender Essential Oils, Moisturizing Naturally Derived Ingredients Biodegradable Hand Wash, Gallon (128 oz). Packaging May Vary",128 Fl Oz (Pack of 1),4.4 out of 5 stars,"1,241",$31.99 ,"Small Business|Small Business|Small Business|<img alt="""" src=""https://m.media-amazon.com/images/I/111mHoVK0kL._SS200_.png"" height=""50px"" width=""50px""/>  Small Business|<img alt="""" src=""https://m.media-amazon.com/images/I/111mHoVK0kL._SS200_.png"" height=""50px"" width=""50px""/>  Small Business",B08NFJ21GB,https://m.media-amazon.com/images/I/41nIavA8+nL._AC_UL320_.jpg|https://m.media-amazon.com/images/I/111mHoVK0kL._SS200_.png|
1047,https://www.amazon.com/sspa/click?ie=UTF8&spc=MTo0MjQzNDA3MjkyMzQ2NjgzOjE2Njg4MDMwMzQ6c3Bfc2VhcmNoX3RoZW1hdGljOjIwMDA5NTAwMDQyMjg5ODo6Mzo6&url=%2FEssential-Moisturizing-Naturally-Ingredients-Biodegradable%2Fdp%2FB08NFFWF86%2Fref%3Dsxin_13_pa_sp_search_thematic_sspa%3Fcontent-id%3Damzn1.sym.4e7a2229-074e-44de-95c4-9fd858f46295%253Aamzn1.sym.4e7a2229-074e-44de-95c4-9fd858f46295%26crid%3DLE29BBXZRSHU%26cv_ct_cx%3Dhand%2Bsoap%26keywords%3Dhand%2Bsoap%26pd_rd_i%3DB08NFFWF86%26pd_rd_r%3D053593c4-4768-46dc-a9cf-b04fe4c11ae5%26pd_rd_w%3Dx9la9%26pd_rd_wg%3DBmfC8%26pf_rd_p%3D4e7a2229-074e-44de-95c4-9fd858f46295%26pf_rd_r%3DGAEXFSWAJEDJXVWX2XSF%26qid%3D1668803033%26sprefix%3Dhand%2Bsoap%252Caps%252C141%26sr%3D1-4-a73d1c8c-2fd2-4f19-aa41-2df022bcb241-spons%26sp_csd%3Dd2lkZ2V0TmFtZT1zcF9zZWFyY2hfdGhlbWF0aWM%26psc%3D1,"Evolved By Nature Liquid Hand Soap Refill, Rosemary Lemon Essential Oils, Moisturizing Naturally Derived Ingredients Biodegradable Hand Wash, Gallon (128oz). Packaging May Vary",128 Fl Oz (Pack of 1),4.4 out of 5 stars,"1,124",$31.99 ,"Small Business|Small Business|Small Business|<img alt="""" src=""https://m.media-amazon.com/images/I/111mHoVK0kL._SS200_.png"" height=""50px"" width=""50px""/>  Small Business|<img alt="""" src=""https://m.media-amazon.com/images/I/111mHoVK0kL._SS200_.png"" height=""50px"" width=""50px""/>  Small Business",B08NFFWF86,https://m.media-amazon.com/images/I/41pgXFTdPDL._AC_UL320_.jpg|https://m.media-amazon.com/images/I/111mHoVK0kL._SS200_.png|
1048,https://www.amazon.com/J-R-Watkins-Hand-Soap-Coconut/dp/B01CJL00PM/ref=sxin_13_pa_sp_search_thematic_mod_primary_new?content-id=amzn1.sym.4e7a2229-074e-44de-95c4-9fd858f46295%3Aamzn1.sym.4e7a2229-074e-44de-95c4-9fd858f46295&crid=LE29BBXZRSHU&cv_ct_cx=hand+soap&keywords=hand+soap&pd_rd_i=B01CJL00PM&pd_rd_r=053593c4-4768-46dc-a9cf-b04fe4c11ae5&pd_rd_w=x9la9&pd_rd_wg=BmfC8&pf_rd_p=4e7a2229-074e-44de-95c4-9fd858f46295&pf_rd_r=GAEXFSWAJEDJXVWX2XSF&qid=1668803033&sbo=RZvfv%2F%2FHxDF%2BO5021pAnSA%3D%3D&sprefix=hand+soap%2Caps%2C141&sr=1-5-a73d1c8c-2fd2-4f19-aa41-2df022bcb241,"J.R. Watkins Gel Hand Soap, Scented Liquid Hand Wash for Bathroom or Kitchen, USA Made and Cruelty Free, 11 fl oz, Coconut, 6 Pack",11 Fl Oz (Pack of 6),4.7 out of 5 stars,"8,867",$34.99 ,,B01CJL00PM,https://m.media-amazon.com/images/I/71pYghO6AaL._AC_UL320_.jpg
1049,https://www.amazon.com/sspa/click?ie=UTF8&spc=MTo3NjcxNzkxOTA4NDk2OTA3OjE2Njg4MDMwMzQ6c3Bfc2VhcmNoX3RoZW1hdGljOjIwMDAyMDkxOTM2MjQ1MTo6MDo6&url=%2FMeyers-Cruelty-Biodegradable-Formula-Essential%2Fdp%2FB00MH8R7IG%2Fref%3Dsxin_14_pa_sp_search_thematic-asin_sspa%3Fcontent-id%3Damzn1.sym.4228d1d7-b9a2-4dcc-9504-1ef42bcf486a%253Aamzn1.sym.4228d1d7-b9a2-4dcc-9504-1ef42bcf486a%26crid%3DLE29BBXZRSHU%26cv_ct_cx%3Dhand%2Bsoap%26keywords%3Dhand%2Bsoap%26pd_rd_i%3DB00MH8R7IG%26pd_rd_r%3D053593c4-4768-46dc-a9cf-b04fe4c11ae5%26pd_rd_w%3DPw0IG%26pd_rd_wg%3DBmfC8%26pf_rd_p%3D4228d1d7-b9a2-4dcc-9504-1ef42bcf486a%26pf_rd_r%3DGAEXFSWAJEDJXVWX2XSF%26qid%3D1668803033%26sprefix%3Dhand%2Bsoap%252Caps%252C141%26sr%3D1-1-4a643ae4-6005-4b15-bc31-2c5125e2b25b-spons%26sp_csd%3Dd2lkZ2V0TmFtZT1zcF9zZWFyY2hfdGhlbWF0aWM%26psc%3D1,"Mrs. Meyer's Hand Soap, Made with Essential Oils, Biodegradable Formula, Basil, 12.5 fl. oz - Pack of 3","Shop products with sustainability certifications, as part of our commitment to help preserve the natural world. Time is fleeting.",4.7 out of 5 stars|4.7 out of 5 stars|4.8 out of 5 stars|4.8 out of 5 stars|4.6 out of 5 stars|4.7 out of 5 stars|4.8 out of 5 stars,"47,005|28,008|26,317|21,419|19,170|12,932|12,741",$14.48 ,"Climate Pledge Friendly|Climate Pledge Friendly|Climate Pledge Friendly|<img alt="""" src=""https://m.media-amazon.com/images/I/216-OX9rBaL._SS200_.png"" height=""50px"" width=""50px""/>  Climate Pledge Friendly|<img alt="""" src=""https://m.media-amazon.com/images/I/216-OX9rBaL._SS200_.png"" height=""50px"" width=""50px""/>  Climate Pledge Friendly|<img alt="""" src=""https://m.media-amazon.com/images/I/31qtcPd2ODL._SS200_.png"" height=""50px"" width=""50px""/> ECOLOGO|Climate Pledge Friendly|Climate Pledge Friendly|Climate Pledge Friendly|<img alt="""" src=""https://m.media-amazon.com/images/I/216-OX9rBaL._SS200_.png"" height=""50px"" width=""50px""/>  Climate Pledge Friendly|<img alt="""" src=""https://m.media-amazon.com/images/I/216-OX9rBaL._SS200_.png"" height=""50px"" width=""50px""/>  Climate Pledge Friendly|<img alt="""" src=""https://m.media-amazon.com/images/I/31qtcPd2ODL._SS200_.png"" height=""50px"" width=""50px""/> ECOLOGO|Climate Pledge Friendly|Climate Pledge Friendly|Climate Pledge Friendly|<img alt="""" src=""https://m.media-amazon.com/images/I/216-OX9rBaL._SS200_.png"" height=""50px"" width=""50px""/>  Climate Pledge Friendly|<img alt="""" src=""https://m.media-amazon.com/images/I/216-OX9rBaL._SS200_.png"" height=""50px"" width=""50px""/>  Climate Pledge Friendly|<img alt="""" src=""https://m.media-amazon.com/images/I/31qtcPd2ODL._SS200_.png"" height=""50px"" width=""50px""/> ECOLOGO|Climate Pledge Friendly|Climate Pledge Friendly|Climate Pledge Friendly|<img alt="""" src=""https://m.media-amazon.com/images/I/216-OX9rBaL._SS200_.png"" height=""50px"" width=""50px""/>  Climate Pledge Friendly|<img alt="""" src=""https://m.media-amazon.com/images/I/216-OX9rBaL._SS200_.png"" height=""50px"" width=""50px""/>  Climate Pledge Friendly|<img alt="""" src=""https://m.media-amazon.com/images/I/31qtcPd2ODL._SS200_.png"" height=""50px"" width=""50px""/> ECOLOGO|Climate Pledge Friendly|Climate Pledge Friendly|Climate Pledge Friendly|<img alt="""" src=""https://m.media-amazon.com/images/I/216-OX9rBaL._SS200_.png"" height=""50px"" width=""50px""/>  Climate Pledge Friendly|<img alt="""" src=""https://m.media-amazon.com/images/I/216-OX9rBaL._SS200_.png"" height=""50px"" width=""50px""/>  Climate Pledge Friendly|<img alt="""" src=""https://m.media-amazon.com/images/I/41Y2L-DZWfL._SS200_.png"" height=""50px"" width=""50px""/> Compact by Design (Certified by Amazon)|Climate Pledge Friendly|Climate Pledge Friendly|Climate Pledge Friendly|<img alt="""" src=""https://m.media-amazon.com/images/I/216-OX9rBaL._SS200_.png"" height=""50px"" width=""50px""/>  Climate Pledge Friendly|<img alt="""" src=""https://m.media-amazon.com/images/I/216-OX9rBaL._SS200_.png"" height=""50px"" width=""50px""/>  Climate Pledge Friendly|<img alt="""" src=""https://m.media-amazon.com/images/I/31OPjlesFNL._SS200_.png"" height=""50px"" width=""50px""/> EWG Verified|Climate Pledge Friendly|Climate Pledge Friendly|Climate Pledge Friendly|<img alt="""" src=""https://m.media-amazon.com/images/I/216-OX9rBaL._SS200_.png"" height=""50px"" width=""50px""/>  Climate Pledge Friendly|<img alt="""" src=""https://m.media-amazon.com/images/I/216-OX9rBaL._SS200_.png"" height=""50px"" width=""50px""/>  Climate Pledge Friendly|<img alt="""" src=""https://m.media-amazon.com/images/I/31OPjlesFNL._SS200_.png"" height=""50px"" width=""50px""/> EWG Verified",,https://m.media-amazon.com/images/I/81qaEj-bLEL._AC_UL320_.jpg|https://m.media-amazon.com/images/I/216-OX9rBaL._SS200_.png|||https://m.media-amazon.com/images/I/81vwyX2Wu8L._AC_UL320_.jpg|https://m.media-amazon.com/images/I/216-OX9rBaL._SS200_.png|||https://m.media-amazon.com/images/I/71AzY1ZB1GL._AC_UL320_.jpg|https://m.media-amazon.com/images/I/216-OX9rBaL._SS200_.png|||https://m.media-amazon.com/images/I/81COQ7OW+bL._AC_UL320_.jpg|https://m.media-amazon.com/images/I/216-OX9rBaL._SS200_.png|||https://m.media-amazon.com/images/I/61mtaSBcWZL._AC_UL320_.jpg|https://m.media-amazon.com/images/I/216-OX9rBaL._SS200_.png|||https://m.media-amazon.com/images/I/71QmyVuyNPL._AC_UL320_.jpg|https://m.media-amazon.com/images/I/216-OX9rBaL._SS200_.png|||https://m.media-amazon.com/images/I/71M0B16TxjL._AC_UL320_.jpg|https://m.media-amazon.com/images/I/216-OX9rBaL._SS200_.png||
1050,https://aax-us-iad.amazon.com/x/c/REVHBEwd7HHI86AI3-jl7q4AAAGEjGl7qwEAAAH2AQBOL0EgICAgICAgICAgICBOL0EgICAgICAgICAgICA1OQub/https://www.amazon.com/dp/B08KKK8D8J?pd_rd_i=B08KKK8D8J&pf_rd_p=b000e0a0-9e93-480f-bf78-a83c8136dfcb&pf_rd_r=GAEXFSWAJEDJXVWX2XSF&pd_rd_wg=BmfC8&pd_rd_w=uy2J8&pd_rd_r=053593c4-4768-46dc-a9cf-b04fe4c11ae5,"Method Foaming Hand Soap, Sweet Water, 10 oz, 3 pack, Packaging May Vary",Sponsored,4.7 out of 5 stars,"6,499",$11.97 ,"FREE delivery Fri, Nov 25 on $25 of items shipped by AmazonOr fastest delivery Sun, Nov 20|",,
1052,https://www.amazon.com/Mrs-Meyer%C2%B4s-Clean-Day-Verbena/dp/B00NU9MJYS/ref=sr_1_8?crid=LE29BBXZRSHU&keywords=hand+soap&qid=1668803033&sprefix=hand+soap%2Caps%2C141&sr=8-8,"Mrs. Meyer's Hand Soap, Made with Essential Oils, Biodegradable Formula, Lemon Verbena, 12.5 fl. oz - Pack of 3",12.5 Fl Oz (Pack of 3),4.7 out of 5 stars,"28,008",$13.47 ,"FREE delivery Fri, Nov 25 on $25 of items shipped by AmazonOr fastest delivery Sun, Nov 20||Climate Pledge Friendly|Climate Pledge Friendly|Climate Pledge Friendly|<img alt="""" src=""https://m.media-amazon.com/images/I/216-OX9rBaL._SS200_.png"" height=""50px"" width=""50px""/>  Climate Pledge Friendly|<img alt="""" src=""https://m.media-amazon.com/images/I/216-OX9rBaL._SS200_.png"" height=""50px"" width=""50px""/>  Climate Pledge Friendly|<img alt="""" src=""https://m.media-amazon.com/images/I/31qtcPd2ODL._SS200_.png"" height=""50px"" width=""50px""/> ECOLOGO",B00NU9MJYS,https://m.media-amazon.com/images/I/81vwyX2Wu8L._AC_UL320_.jpg|https://m.media-amazon.com/images/I/216-OX9rBaL._SS200_.png||
1053,https://www.amazon.com/Softsoap-Antibacterial-Liquid-Fresh-Citrus/dp/B0716CKB4Y/ref=sr_1_9?crid=LE29BBXZRSHU&keywords=hand+soap&qid=1668803033&rdc=1&sprefix=hand+soap%2Caps%2C141&sr=8-9,"Softsoap Antibacterial Liquid Hand Soap, Fresh Citrus Scent Hand Soap, 11.25 Ounce, 6 Pack",11.2 Fl Oz (Pack of 6),4.8 out of 5 stars,"23,103",$14.88 ,"FREE delivery Fri, Nov 25 on $25 of items shipped by Amazon|",B0716CKB4Y,https://m.media-amazon.com/images/I/71ReJRkMPcL._AC_UL320_.jpg
1054,https://www.amazon.com/Cruelty-Biodegradable-Formula-Essential-Snowdrop/dp/B09CLLD99K/ref=sr_1_10?crid=LE29BBXZRSHU&keywords=hand+soap&qid=1668803033&sprefix=hand+soap%2Caps%2C141&sr=8-10,"Mrs. Meyer's Hand Soap, Made with Essential Oils, Biodegradable Formula, Limited Edition Snowdrop, 12.5 fl. oz - Pack of 3",12.5 Fl Oz (Pack of 3),4.9 out of 5 stars,"2,606",$14.48 ,"FREE delivery Fri, Nov 25 on $25 of items shipped by AmazonOr fastest delivery Tue, Nov 22|",B09CLLD99K,https://m.media-amazon.com/images/I/813tePP4SyL._AC_UL320_.jpg
1055,https://www.amazon.com/Method-Foaming-Waterfall-Ounce-count/dp/B08KK954F4/ref=sr_1_11?crid=LE29BBXZRSHU&keywords=hand+soap&qid=1668803033&sprefix=hand+soap%2Caps%2C141&sr=8-11,"Method Foaming Hand Soap, Waterfall, 10 oz, 3 pack, Packaging May Vary",10 Fl Oz (Pack of 3),4.7 out of 5 stars,"6,499",$7.98 ,FREE delivery on $25 shipped by Amazon.,B08KK954F4,https://m.media-amazon.com/images/I/61PQbmO-QBL._AC_UL320_.jpg
1056,https://www.amazon.com/Method-Foaming-Sweet-Water-Ounce/dp/B08KKK8D8J/ref=sr_1_12?crid=LE29BBXZRSHU&keywords=hand+soap&qid=1668803033&sprefix=hand+soap%2Caps%2C141&sr=8-12,"Method Foaming Hand Soap, Sweet Water, 10 oz, 3 pack, Packaging May Vary",10 Fl Oz (Pack of 3),4.7 out of 5 stars,"6,499",$11.97 ,"FREE delivery Fri, Nov 25 on $25 of items shipped by AmazonOr fastest delivery Sun, Nov 20|",B08KKK8D8J,https://m.media-amazon.com/images/I/61Tbcv0WL-L._AC_UL320_.jpg
1057,https://www.amazon.com/Amazon-Basics-Liquid-Coconut-Triclosan-Free/dp/B09HHBZX91/ref=sr_1_13?crid=LE29BBXZRSHU&keywords=hand+soap&qid=1668803033&sprefix=hand+soap%2Caps%2C141&sr=8-13,"Amazon Basics Liquid Hand Soap Refill, Mango and Coconut Water Scent, Triclosan-Free, 56 Fluid Ounces, Pack of 2",56 Fl Oz (Pack of 2),4.7 out of 5 stars,"14,465",$10.00 ,"FREE delivery Fri, Nov 25 on $25 of items shipped by AmazonOr fastest delivery Sun, Nov 20|",B09HHBZX91,https://m.media-amazon.com/images/I/71gv-ig7npL._AC_UL320_.jpg
1058,https://www.amazon.com/Amazon-Brand-Solimo-Original-Liquid/dp/B089WRB791/ref=sr_1_14?crid=LE29BBXZRSHU&keywords=hand+soap&qid=1668803033&sprefix=hand+soap%2Caps%2C141&sr=8-14,"Amazon Brand - Solimo Original Fresh Liquid Hand Soap, 32 Fluid Ounce (Pack of 2)",32 Fl Oz (Pack of 2),4.5 out of 5 stars,"12,022",$5.58 ,"FREE delivery Fri, Nov 25 on $25 of items shipped by AmazonOr fastest delivery Sun, Nov 20|",B089WRB791,https://m.media-amazon.com/images/I/81xH9s6uaaL._AC_UL320_.jpg
1059,https://www.amazon.com/Mrs-Meyers-Clean-Day-Lavender/dp/B01N1N6FMZ/ref=sr_1_15?crid=LE29BBXZRSHU&keywords=hand+soap&qid=1668803033&sprefix=hand+soap%2Caps%2C141&sr=8-15,"Mrs. Meyer's Hand Soap, Made with Essential Oils, Biodegradable Formula, Lavender, 12.5 fl. oz - Pack of 3",12.5 Fl Oz (Pack of 3),4.8 out of 5 stars,"26,317",$14.48 ,"FREE delivery Fri, Nov 25 on $25 of items shipped by AmazonOr fastest delivery Sun, Nov 20||Climate Pledge Friendly|Climate Pledge Friendly|Climate Pledge Friendly|<img alt="""" src=""https://m.media-amazon.com/images/I/216-OX9rBaL._SS200_.png"" height=""50px"" width=""50px""/>  Climate Pledge Friendly|<img alt="""" src=""https://m.media-amazon.com/images/I/216-OX9rBaL._SS200_.png"" height=""50px"" width=""50px""/>  Climate Pledge Friendly|<img alt="""" src=""https://m.media-amazon.com/images/I/31qtcPd2ODL._SS200_.png"" height=""50px"" width=""50px""/> ECOLOGO",B01N1N6FMZ,https://m.media-amazon.com/images/I/71AzY1ZB1GL._AC_UL320_.jpg|https://m.media-amazon.com/images/I/216-OX9rBaL._SS200_.png||
1060,https://www.amazon.com/365-Everyday-Value-Lavender-Foaming/dp/B074HBXPSR/ref=sr_1_16_f3_0o_wf?crid=LE29BBXZRSHU&keywords=hand+soap&qid=1668803033&sprefix=hand+soap%2Caps%2C141&sr=8-16,"365 by Whole Foods Market, Soap Hand Foaming Lavender, 12 Fl Oz",($0.31/Fl Oz),4.6 out of 5 stars,"2,100",$3.69 ,$9.95 for 2-hour delivery with Prime,B074HBXPSR,https://m.media-amazon.com/images/I/61+RRZeW+pL._AC_UL320_.jpg
1061,https://www.amazon.com/sspa/click?ie=UTF8&spc=MTozNTY0NjAyMTc2MTE1ODM4OjE2Njg4MDMwMzM6c3BfbXRmOjIwMDA1NDc2MDQyMTg5ODo6MDo6&url=%2FAmazon-Basics-Gentle-Liquid-Triclosan-free%2Fdp%2FB09HHDHXWX%2Fref%3Dsr_1_17_sspa%3Fcrid%3DLE29BBXZRSHU%26keywords%3Dhand%2Bsoap%26qid%3D1668803033%26sprefix%3Dhand%2Bsoap%252Caps%252C141%26sr%3D8-17-spons%26sp_csd%3Dd2lkZ2V0TmFtZT1zcF9tdGY%26psc%3D1,"Amazon Basics Gentle & Mild Clear Liquid Hand Soap Refill, Triclosan-free, 56 Fluid Ounces, 1-Pack",Featured from our brands,4.6 out of 5 stars,"19,170",$4.68 ,"FREE delivery Fri, Nov 25 on $25 of items shipped by AmazonOr fastest delivery Sun, Nov 20||Climate Pledge Friendly|Climate Pledge Friendly|Climate Pledge Friendly|<img alt="""" src=""https://m.media-amazon.com/images/I/216-OX9rBaL._SS200_.png"" height=""50px"" width=""50px""/>  Climate Pledge Friendly|<img alt="""" src=""https://m.media-amazon.com/images/I/216-OX9rBaL._SS200_.png"" height=""50px"" width=""50px""/>  Climate Pledge Friendly|<img alt="""" src=""https://m.media-amazon.com/images/I/41Y2L-DZWfL._SS200_.png"" height=""50px"" width=""50px""/> Compact by Design (Certified by Amazon)",B09HHDHXWX,https://m.media-amazon.com/images/I/61mtaSBcWZL._AC_UL320_.jpg|https://m.media-amazon.com/images/I/216-OX9rBaL._SS200_.png||
1062,https://www.amazon.com/sspa/click?ie=UTF8&spc=MTozNTY0NjAyMTc2MTE1ODM4OjE2Njg4MDMwMzM6c3BfbXRmOjIwMDA1NDk0MzgyNzQ0MTo6MDo6&url=%2FWatkins-Scented-Bathroom-Kitchen-Cruelty%2Fdp%2FB002XDQIVC%2Fref%3Dsr_1_18_sspa%3Fcrid%3DLE29BBXZRSHU%26keywords%3Dhand%2Bsoap%26qid%3D1668803033%26sprefix%3Dhand%2Bsoap%252Caps%252C141%26sr%3D8-18-spons%26sp_csd%3Dd2lkZ2V0TmFtZT1zcF9tdGY%26psc%3D1,"J.R. Watkins Gel Hand Soap, Scented Liquid Hand Wash for Bathroom or Kitchen, USA Made and Cruelty Free, 11 fl oz, Lemon, 6 Pack",Sponsored,4.7 out of 5 stars,"8,867",$23.94 ,FREE delivery on $25 shipped by Amazon.,B002XDQIVC,https://m.media-amazon.com/images/I/71liLtR3hSL._AC_UL320_.jpg
1063,https://www.amazon.com/sspa/click?ie=UTF8&spc=MTozNTY0NjAyMTc2MTE1ODM4OjE2Njg4MDMwMzM6c3BfbXRmOjIwMDA3MjkxNTg5OTA2MTo6MDo6&url=%2FMuse-Bath-Apothecary-Hand-Ritual%2Fdp%2FB08TPJZ4QB%2Fref%3Dsr_1_19_sspa%3Fcrid%3DLE29BBXZRSHU%26keywords%3Dhand%2Bsoap%26qid%3D1668803033%26sprefix%3Dhand%2Bsoap%252Caps%252C141%26sr%3D8-19-spons%26sp_csd%3Dd2lkZ2V0TmFtZT1zcF9tdGY%26psc%3D1,"Muse Bath Apothecary Hand Ritual - Aromatic and Nourishing Hand Soap, Infused with Natural Aromatherapy Essential Oils - 16 oz, Coconut + Sandalwood, 3 Pack",Sponsored,4.4 out of 5 stars,"3,354",$27.98 ,"FREE delivery Fri, Nov 25 Or fastest delivery Tue, Nov 22|",B08TPJZ4QB,https://m.media-amazon.com/images/I/71MoVCCtpYL._AC_UL320_.jpg
1064,https://www.amazon.com/sspa/click?ie=UTF8&spc=MTozNTY0NjAyMTc2MTE1ODM4OjE2Njg4MDMwMzM6c3BfbXRmOjIwMDA1MzYyOTI5NTg5ODo6MDo6&url=%2FBathroom-Kitchen-Coconut-Hibiscus-Gardenia%2Fdp%2FB099NYSG6G%2Fref%3Dsr_1_20_sspa%3Fcrid%3DLE29BBXZRSHU%26keywords%3Dhand%2Bsoap%26qid%3D1668803033%26sprefix%3Dhand%2Bsoap%252Caps%252C141%26sr%3D8-20-spons%26sp_csd%3Dd2lkZ2V0TmFtZT1zcF9tdGY%26psc%3D1,"Mosaic Liquid Hand Soap / Hand Wash Gift Set, Ideal Bathroom Hand Soap and Kitchen Hand Soap Set , Olive Oil + Coconut & Hibiscus + Gardenia + Orange Blossom, 4 x 24.6 fl oz Each Liquid Soap Bottle",Sponsored,4.5 out of 5 stars,569,$27.99 ,"FREE delivery Fri, Nov 25 Or fastest delivery Sun, Nov 20||Small Business|Small Business|Small Business|<img alt="""" src=""https://m.media-amazon.com/images/I/111mHoVK0kL._SS200_.png"" height=""50px"" width=""50px""/>  Small Business|<img alt="""" src=""https://m.media-amazon.com/images/I/111mHoVK0kL._SS200_.png"" height=""50px"" width=""50px""/>  Small Business",B099NYSG6G,https://m.media-amazon.com/images/I/9119oTyQhvL._AC_UL320_.jpg|https://m.media-amazon.com/images/I/111mHoVK0kL._SS200_.png|
1065,https://www.amazon.com/Method-Hand-Waterfall-Ounce-count/dp/B08KK9Z3TD/ref=sr_1_21?crid=LE29BBXZRSHU&keywords=hand+soap&qid=1668803033&sprefix=hand+soap%2Caps%2C141&sr=8-21,"Method Gel Hand Soap, Waterfall, 12 oz, 3 pack, Packaging May Vary",12 Fl Oz (Pack of 3),4.7 out of 5 stars,"6,499",$8.94 ,"FREE delivery Fri, Nov 25 on $25 of items shipped by AmazonOr fastest delivery Mon, Nov 21|",B08KK9Z3TD,https://m.media-amazon.com/images/I/61chKCYu1eL._AC_UL320_.jpg
1066,https://www.amazon.com/Dial-Antibacterial-Liquid-Spring-Water/dp/B08N1C9PS3/ref=sr_1_22?crid=LE29BBXZRSHU&keywords=hand+soap&qid=1668803033&sprefix=hand+soap%2Caps%2C141&sr=8-22,"Dial Antibacterial Liquid Hand Soap Spring Water 7.5oz, Blue, 12 Count",7.5 Fl Oz (Pack of 12),4.8 out of 5 stars,"18,039",$19.99 ,"FREE delivery on $25 shipped by Amazon.|Small Business|Small Business|Small Business|<img alt="""" src=""https://m.media-amazon.com/images/I/111mHoVK0kL._SS200_.png"" height=""50px"" width=""50px""/>  Small Business|<img alt="""" src=""https://m.media-amazon.com/images/I/111mHoVK0kL._SS200_.png"" height=""50px"" width=""50px""/>  Small Business",B08N1C9PS3,https://m.media-amazon.com/images/I/51at4qybrRL._AC_UL320_.jpg|https://m.media-amazon.com/images/I/111mHoVK0kL._SS200_.png|
1067,https://www.amazon.com/Softsoap-Soothing-Moisturizing-Refill-Bottle/dp/B005MQ3Y3M/ref=sr_1_23?crid=LE29BBXZRSHU&keywords=hand+soap&qid=1668803033&sprefix=hand+soap%2Caps%2C141&sr=8-23,Softsoap Hand Soap Soothing Aloe Vera Moisturizing Hand Soap Refill 64 Fl Oz (Pack of 2),64 Fl Oz (Pack of 2),4.7 out of 5 stars,"4,229",$23.49 ,FREE delivery on $25 shipped by Amazon.,B005MQ3Y3M,https://m.media-amazon.com/images/I/81cmAFokvhL._AC_UL320_.jpg
1068,https://www.amazon.com/SoapBox-Soaps-Vanilla-Blossom-Count/dp/B07662GN57/ref=sr_1_24?crid=LE29BBXZRSHU&keywords=hand+soap&qid=1668803033&sprefix=hand+soap%2Caps%2C141&sr=8-24,"Soapbox Liquid Hand Soap, Vanilla & Lily Blossom - Gentle, Moisturizing Hand Cleanser, Vegan, Cruelty Free Hand Soap for Bathroom and Kitchen, 12oz Pump Bottles (Pack of 3)",12 Fl Oz (Pack of 3),4.7 out of 5 stars,613,$13.47 ,"FREE delivery Fri, Nov 25 on $25 of items shipped by AmazonOr fastest delivery Tue, Nov 22||Small Business|Small Business|Small Business|<img alt="""" src=""https://m.media-amazon.com/images/I/111mHoVK0kL._SS200_.png"" height=""50px"" width=""50px""/>  Small Business|<img alt="""" src=""https://m.media-amazon.com/images/I/111mHoVK0kL._SS200_.png"" height=""50px"" width=""50px""/>  Small Business",B07662GN57,https://m.media-amazon.com/images/I/61ae7ANu8uL._AC_UL320_.jpg|https://m.media-amazon.com/images/I/111mHoVK0kL._SS200_.png|
1069,https://www.amazon.com/Muse-Bath-Apothecary-Hand-Ritual/dp/B07QSCRBH6/ref=sr_1_25?crid=LE29BBXZRSHU&keywords=hand+soap&qid=1668803033&sprefix=hand+soap%2Caps%2C141&sr=8-25,"Muse Bath Apothecary Hand Ritual - Aromatic and Nourishing Hand Soap, Infused with Natural Aromatherapy Essential Oils - 16 oz, Aloe + Eucalyptus + Lavender, 2 Pack",16 Fl Oz (Pack of 2),4.4 out of 5 stars,"3,354",$19.98 ,"FREE delivery Fri, Nov 25 on $25 of items shipped by AmazonOr fastest delivery Sun, Nov 20|",B07QSCRBH6,https://m.media-amazon.com/images/I/71abCwLQ6ML._AC_UL320_.jpg
1070,https://www.amazon.com/Method-Hand-Soap-Waterfall-Ounce/dp/B00660BNDQ/ref=sr_1_26?crid=LE29BBXZRSHU&keywords=hand+soap&qid=1668803033&sprefix=hand+soap%2Caps%2C141&sr=8-26,"Method Gel Hand Soap, Waterfall, 12 Fl Oz (Pack of 6)",12 Fl Oz (Pack of 6),4.7 out of 5 stars,"2,243",$17.88 ,"FREE delivery Fri, Nov 25 on $25 of items shipped by AmazonOr fastest delivery Sun, Nov 20|",B00660BNDQ,https://m.media-amazon.com/images/I/616flL1YZoL._AC_UL320_.jpg
1071,https://www.amazon.com/Dial-Complete-Antibacterial-Foaming-Ounces/dp/B0015IW3PG/ref=sr_1_27?crid=LE29BBXZRSHU&keywords=hand+soap&qid=1668803033&sprefix=hand+soap%2Caps%2C141&sr=8-27,"Dial Complete Antibacterial Foaming Hand Wash, Fresh Pear, 7.5 fl oz (Pack of 8)",8 Count (Pack of 1),4.8 out of 5 stars,"7,767",$19.74 ,"FREE delivery Fri, Nov 25 on $25 of items shipped by AmazonOr fastest delivery Sun, Nov 20||Small Business|Small Business|Small Business|<img alt="""" src=""https://m.media-amazon.com/images/I/111mHoVK0kL._SS200_.png"" height=""50px"" width=""50px""/>  Small Business|<img alt="""" src=""https://m.media-amazon.com/images/I/111mHoVK0kL._SS200_.png"" height=""50px"" width=""50px""/>  Small Business",B0015IW3PG,https://m.media-amazon.com/images/I/81yzLKnE8TL._AC_UL320_.jpg|https://m.media-amazon.com/images/I/111mHoVK0kL._SS200_.png|
1072,https://www.amazon.com/Method-Foaming-Sweet-Water-Ounce/dp/B000EF1FW8/ref=sr_1_28?crid=LE29BBXZRSHU&keywords=hand+soap&qid=1668803033&sprefix=hand+soap%2Caps%2C141&sr=8-28,"Method Foaming Hand Soap, Sweet Water, 10 Fl Oz (Pack of 6), Packaging May Vary",10 Fl Oz (Pack of 6),4.6 out of 5 stars,"4,062",$23.88 ,"FREE delivery Fri, Nov 25 on $25 of items shipped by AmazonOr fastest delivery Sun, Nov 20|",B000EF1FW8,https://m.media-amazon.com/images/I/61K9-sN27XL._AC_UL320_.jpg
1073,https://www.amazon.com/Softsoap-Deeply-Moisturizing-Vanilla-Coconut/dp/B08KK9Q3KL/ref=sr_1_29?crid=LE29BBXZRSHU&keywords=hand+soap&qid=1668803033&rdc=1&sprefix=hand+soap%2Caps%2C141&sr=8-29,"Softsoap Warm Vanilla & Coconut Milk Scent Liquid Hand Soap, Moisturizing Liquid Hand Soap, 11.25 Ounce, 6 Pack",11.25 Fl Oz (Pack of 6),4.8 out of 5 stars,"1,283",$14.88 ,"FREE delivery Fri, Nov 25 on $25 of items shipped by AmazonOr fastest delivery Tue, Nov 22|",B08KK9Q3KL,https://m.media-amazon.com/images/I/71KqduPDD1L._AC_UL320_.jpg
1074,https://www.amazon.com/Bath-Body-Works-Assorted-Foaming/dp/B084H1V96M/ref=sr_1_30?crid=LE29BBXZRSHU&keywords=hand+soap&qid=1668803033&sprefix=hand+soap%2Caps%2C141&sr=8-30,Bath & Body Works Assorted 5 Pack Gentle Foaming Hand Soap,8.75 Fl Oz (Pack of 5),4.5 out of 5 stars,"3,937",$29.04 ,"FREE delivery Fri, Nov 25 Or fastest delivery Sun, Nov 20|",B084H1V96M,https://m.media-amazon.com/images/I/915lT1-PUPL._AC_UL320_.jpg
1075,https://www.amazon.com/Dial-Antibacterial-liquid-spring-water/dp/B084MVWG1F/ref=sr_1_31?crid=LE29BBXZRSHU&keywords=hand+soap&qid=1668803033&sprefix=hand+soap%2Caps%2C141&sr=8-31,"Dial Complete Antibacterial Liquid Hand Soap, Spring Water, 11 fl oz (Pack of 4)",4 Count (Pack of 1),4.8 out of 5 stars,"18,039",$9.88 ,"FREE delivery Fri, Nov 25 on $25 of items shipped by AmazonOr fastest delivery Tue, Nov 22||Small Business|Small Business|Small Business|<img alt="""" src=""https://m.media-amazon.com/images/I/111mHoVK0kL._SS200_.png"" height=""50px"" width=""50px""/>  Small Business|<img alt="""" src=""https://m.media-amazon.com/images/I/111mHoVK0kL._SS200_.png"" height=""50px"" width=""50px""/>  Small Business",B084MVWG1F,https://m.media-amazon.com/images/I/81WG1sE1m9S._AC_UL320_.jpg|https://m.media-amazon.com/images/I/111mHoVK0kL._SS200_.png|
1076,https://www.amazon.com/Dial-Antibacterial-Lavender-Twilight-Jasmine/dp/B00FS78Y4Y/ref=sr_1_32?crid=LE29BBXZRSHU&keywords=hand+soap&qid=1668803033&sprefix=hand+soap%2Caps%2C141&sr=8-32,"Dial Antibacterial Liquid Hand Soap, Lavender & Twilight Jasmine, 7.5 Fluid Ounces",7.5 Fl Oz (Pack of 1),4.7 out of 5 stars,"1,208",$4.70 ,"FREE delivery Fri, Nov 25 on $25 of items shipped by AmazonOr fastest delivery Sun, Nov 20||Climate Pledge Friendly  Small Business|Climate Pledge Friendly|Climate Pledge Friendly|Small Business|Small Business|<img alt="""" src=""https://m.media-amazon.com/images/I/216-OX9rBaL._SS200_.png"" height=""50px"" width=""50px""/>  Climate Pledge Friendly|<img alt="""" src=""https://m.media-amazon.com/images/I/216-OX9rBaL._SS200_.png"" height=""50px"" width=""50px""/>  Climate Pledge Friendly|<img alt="""" src=""https://m.media-amazon.com/images/I/41Y2L-DZWfL._SS200_.png"" height=""50px"" width=""50px""/> Compact by Design (Certified by Amazon)|<img alt="""" src=""https://m.media-amazon.com/images/I/111mHoVK0kL._SS200_.png"" height=""50px"" width=""50px""/>  Small Business|<img alt="""" src=""https://m.media-amazon.com/images/I/111mHoVK0kL._SS200_.png"" height=""50px"" width=""50px""/>  Small Business",B00FS78Y4Y,https://m.media-amazon.com/images/I/71NuGYMUXQL._AC_UL320_.jpg|https://m.media-amazon.com/images/I/216-OX9rBaL._SS200_.png|https://m.media-amazon.com/images/I/111mHoVK0kL._SS200_.png|||
1077,https://www.amazon.com/sspa/click?ie=UTF8&spc=MTozNTY0NjAyMTc2MTE1ODM4OjE2Njg4MDMwMzM6c3BfbXRmOjIwMDEwNTkzOTAzMzYzMTo6MDo6&url=%2FDial-Complete-Antibacterial-Foaming-Ounces%2Fdp%2FB0015IW3PG%2Fref%3Dsr_1_33_sspa%3Fcrid%3DLE29BBXZRSHU%26keywords%3Dhand%2Bsoap%26qid%3D1668803033%26sprefix%3Dhand%2Bsoap%252Caps%252C141%26sr%3D8-33-spons%26sp_csd%3Dd2lkZ2V0TmFtZT1zcF9tdGY%26psc%3D1,"Dial Complete Antibacterial Foaming Hand Wash, Fresh Pear, 7.5 fl oz (Pack of 8)",Sponsored,4.8 out of 5 stars,"7,767",$19.74 ,"FREE delivery Fri, Nov 25 on $25 of items shipped by AmazonOr fastest delivery Sun, Nov 20||Small Business|Small Business|Small Business|<img alt="""" src=""https://m.media-amazon.com/images/I/111mHoVK0kL._SS200_.png"" height=""50px"" width=""50px""/>  Small Business|<img alt="""" src=""https://m.media-amazon.com/images/I/111mHoVK0kL._SS200_.png"" height=""50px"" width=""50px""/>  Small Business",B0015IW3PG,https://m.media-amazon.com/images/I/81yzLKnE8TL._AC_UL320_.jpg|https://m.media-amazon.com/images/I/111mHoVK0kL._SS200_.png|
1078,https://www.amazon.com/sspa/click?ie=UTF8&spc=MTozNTY0NjAyMTc2MTE1ODM4OjE2Njg4MDMwMzM6c3BfbXRmOjIwMDA4ODYxMzQ0ODc5ODo6MDo6&url=%2FCaldrea-Lotion-Lavender-Cedar-Ounce%2Fdp%2FB07BHPR151%2Fref%3Dsr_1_34_sspa%3Fcrid%3DLE29BBXZRSHU%26keywords%3Dhand%2Bsoap%26qid%3D1668803033%26sprefix%3Dhand%2Bsoap%252Caps%252C141%26sr%3D8-34-spons%26sp_csd%3Dd2lkZ2V0TmFtZT1zcF9tdGY%26psc%3D1,"Caldrea Hand Lotion, For Dry Hands, Made with Shea Butter, Aloe Vera, and Glycerin and Other Thoughtfully Chosen Ingredients, Lavender Cedar Leaf Scent, 10.8 oz",Sponsored,4.6 out of 5 stars,"3,218",$11.03 ,"FREE delivery Fri, Nov 25 on $25 of items shipped by AmazonOr fastest delivery Sun, Nov 20|",B07BHPR151,https://m.media-amazon.com/images/I/61gXjJZi5gL._AC_UL320_.jpg
1079,https://www.amazon.com/sspa/click?ie=UTF8&spc=MTozNTY0NjAyMTc2MTE1ODM4OjE2Njg4MDMwMzM6c3BfbXRmOjIwMDA5ODc3NzQyMzM1MTo6MDo6&url=%2FCruelty-Biodegradable-Formula-Essential-Snowdrop%2Fdp%2FB09CLLD99K%2Fref%3Dsr_1_35_sspa%3Fcrid%3DLE29BBXZRSHU%26keywords%3Dhand%2Bsoap%26qid%3D1668803033%26sprefix%3Dhand%2Bsoap%252Caps%252C141%26sr%3D8-35-spons%26sp_csd%3Dd2lkZ2V0TmFtZT1zcF9tdGY%26psc%3D1,"Mrs. Meyer's Hand Soap, Made with Essential Oils, Biodegradable Formula, Limited Edition Snowdrop, 12.5 fl. oz - Pack of 3",Sponsored,4.9 out of 5 stars,"2,606",$14.48 ,"FREE delivery Fri, Nov 25 on $25 of items shipped by AmazonOr fastest delivery Tue, Nov 22|",B09CLLD99K,https://m.media-amazon.com/images/I/813tePP4SyL._AC_UL320_.jpg
1080,https://www.amazon.com/sspa/click?ie=UTF8&spc=MTozNTY0NjAyMTc2MTE1ODM4OjE2Njg4MDMwMzM6c3BfbXRmOjIwMDA2ODkwMjE2NTg5ODo6MDo6&url=%2FJ-R-Watkins-Moisturizing-Alcohol-Free-Cruelty-Free%2Fdp%2FB09WZ1XDY8%2Fref%3Dsr_1_36_sspa%3Fcrid%3DLE29BBXZRSHU%26keywords%3Dhand%2Bsoap%26qid%3D1668803033%26sprefix%3Dhand%2Bsoap%252Caps%252C141%26sr%3D8-36-spons%26sp_csd%3Dd2lkZ2V0TmFtZT1zcF9tdGY%26psc%3D1,"J.R. Watkins Gel Hand Soap Refill, Moisturizing Hand Wash, All Natural, Alcohol-Free, Cruelty-Free, USA Made, Rosewater, 34 Fl Oz, 3 Pack",Sponsored,4.7 out of 5 stars,34,$20.97 ,"FREE delivery Fri, Nov 25 on $25 of items shipped by Amazon|",B09WZ1XDY8,https://m.media-amazon.com/images/I/71RWnwhXnWL._AC_UL320_.jpg
1081,https://www.amazon.com/Meyers-Clean-Liquid-Bottle-321610/dp/B0822LKVN6/ref=sr_1_37?crid=LE29BBXZRSHU&keywords=hand+soap&qid=1668803033&sprefix=hand+soap%2Caps%2C141&sr=8-37,"Mrs. Meyer's Hand Soap, Made with Essential Oils, Biodegradable Formula, Peony, 12.5 fl. oz - Pack of 3",12.5 Fl Oz (Pack of 3),4.8 out of 5 stars,"21,419",$14.64 ,"FREE delivery Fri, Nov 25 on $25 of items shipped by AmazonOr fastest delivery Sun, Nov 20|",B0822LKVN6,https://m.media-amazon.com/images/I/8147sqYWyVL._AC_UL320_.jpg
1082,https://www.amazon.com/Liquid-Hand-Refill-Pouch-Geranium/dp/B00261ZYB6/ref=sr_1_38?crid=LE29BBXZRSHU&keywords=hand+soap&qid=1668803033&sprefix=hand+soap%2Caps%2C141&sr=8-38,"Mrs. Meyer's Hand Soap Refill, Made with Essential Oils, Biodegradable Formula, Geranium, 33 fl. oz",33 Fl Oz (Pack of 1),4.7 out of 5 stars,"12,549",$9.96 ,"FREE delivery Fri, Nov 25 on $25 of items shipped by AmazonOr fastest delivery Tue, Nov 22||Climate Pledge Friendly|Climate Pledge Friendly|Climate Pledge Friendly|<img alt="""" src=""https://m.media-amazon.com/images/I/216-OX9rBaL._SS200_.png"" height=""50px"" width=""50px""/>  Climate Pledge Friendly|<img alt="""" src=""https://m.media-amazon.com/images/I/216-OX9rBaL._SS200_.png"" height=""50px"" width=""50px""/>  Climate Pledge Friendly|<img alt="""" src=""https://m.media-amazon.com/images/I/41Y2L-DZWfL._SS200_.png"" height=""50px"" width=""50px""/> Compact by Design (Certified by Amazon)",B00261ZYB6,https://m.media-amazon.com/images/I/71BRdkUzi6S._AC_UL320_.jpg|https://m.media-amazon.com/images/I/216-OX9rBaL._SS200_.png||
1083,https://www.amazon.com/Liquid-Dial%C2%AE-Gold-Antimicrobial-Soap/dp/B000JK3M0G/ref=sr_1_39?crid=LE29BBXZRSHU&keywords=hand+soap&qid=1668803033&sprefix=hand+soap%2Caps%2C141&sr=8-39,"Dial Professional Gold Antibacterial Liquid Hand Soap, 1 Gallon Refill Bottle",($0.15/Fl Oz),4.7 out of 5 stars,"6,044",$19.59 ,"FREE delivery Fri, Nov 25 on $25 of items shipped by AmazonOr fastest delivery Sun, Nov 20||Small Business|Small Business|Small Business|<img alt="""" src=""https://m.media-amazon.com/images/I/111mHoVK0kL._SS200_.png"" height=""50px"" width=""50px""/>  Small Business|<img alt="""" src=""https://m.media-amazon.com/images/I/111mHoVK0kL._SS200_.png"" height=""50px"" width=""50px""/>  Small Business",B000JK3M0G,https://m.media-amazon.com/images/I/41E1iCYr7dL._AC_UL320_.jpg|https://m.media-amazon.com/images/I/111mHoVK0kL._SS200_.png|
1084,https://www.amazon.com/Meyers-Cruelty-Biodegradable-Formula-Essential/dp/B00MH8R7IG/ref=sr_1_40?crid=LE29BBXZRSHU&keywords=hand+soap&qid=1668803033&sprefix=hand+soap%2Caps%2C141&sr=8-40,"Mrs. Meyer's Hand Soap, Made with Essential Oils, Biodegradable Formula, Basil, 12.5 fl. oz - Pack of 3",12.5 Fl Oz (Pack of 3),4.7 out of 5 stars,"47,005",$14.48 ,"FREE delivery Fri, Nov 25 on $25 of items shipped by AmazonOr fastest delivery Sun, Nov 20||Climate Pledge Friendly|Climate Pledge Friendly|Climate Pledge Friendly|<img alt="""" src=""https://m.media-amazon.com/images/I/216-OX9rBaL._SS200_.png"" height=""50px"" width=""50px""/>  Climate Pledge Friendly|<img alt="""" src=""https://m.media-amazon.com/images/I/216-OX9rBaL._SS200_.png"" height=""50px"" width=""50px""/>  Climate Pledge Friendly|<img alt="""" src=""https://m.media-amazon.com/images/I/31qtcPd2ODL._SS200_.png"" height=""50px"" width=""50px""/> ECOLOGO",B00MH8R7IG,https://m.media-amazon.com/images/I/81qaEj-bLEL._AC_UL320_.jpg|https://m.media-amazon.com/images/I/216-OX9rBaL._SS200_.png||
1085,https://www.amazon.com/Method-Foaming-Grapefruit-Ounce-count/dp/B08KKQCNVR/ref=sr_1_41?crid=LE29BBXZRSHU&keywords=hand+soap&qid=1668803033&sprefix=hand+soap%2Caps%2C141&sr=8-41,"Method Foaming Hand Soap, Pink Grapefruit, 10 oz, 3 pack, Packaging May Vary",10 Fl Oz (Pack of 3),4.7 out of 5 stars,"6,499",$13.17 ,"FREE delivery Fri, Nov 25 on $25 of items shipped by AmazonOr fastest delivery Sun, Nov 20|",B08KKQCNVR,https://m.media-amazon.com/images/I/615c5OGVR+L._AC_UL320_.jpg
1086,https://www.amazon.com/Amazon-Basics-Antibacterial-Moisturizing-Triclosan-Free/dp/B09HHBZXB7/ref=sr_1_42?crid=LE29BBXZRSHU&keywords=hand+soap&qid=1668803033&sprefix=hand+soap%2Caps%2C141&sr=8-42,"Amazon Basics Antibacterial Liquid Hand Soap Refill, Light Moisturizing, Triclosan-Free, 56 Fluid Ounces, 2-Pack (Previously Solimo)",56 Fl Oz (Pack of 2),4.4 out of 5 stars,"3,166",$11.01 ,"FREE delivery Fri, Nov 25 on $25 of items shipped by AmazonOr fastest delivery Sun, Nov 20|",B09HHBZXB7,https://m.media-amazon.com/images/I/717TPp4junL._AC_UL320_.jpg
1087,https://www.amazon.com/Method-Foaming-Mineral-Ounce-count/dp/B08KKVY2QQ/ref=sr_1_43?crid=LE29BBXZRSHU&keywords=hand+soap&qid=1668803033&sprefix=hand+soap%2Caps%2C141&sr=8-43,"Method Foaming Hand Soap, Sea Minerals, 10 oz, 3 pack, Packaging May Vary",10 Fl Oz (Pack of 3),4.7 out of 5 stars,460,$11.94 ,"FREE delivery Fri, Nov 25 on $25 of items shipped by AmazonOr fastest delivery Mon, Nov 21|",B08KKVY2QQ,https://m.media-amazon.com/images/I/6124gYJT8YL._AC_UL320_.jpg
1088,https://www.amazon.com/Softsoap-Liquid-Hand-Fresh-Breeze/dp/B01N4QZZLP/ref=sr_1_44?crid=LE29BBXZRSHU&keywords=hand+soap&qid=1668803033&sprefix=hand+soap%2Caps%2C141&sr=8-44,"Softsoap Liquid Hand Soap, Fresh Breeze, 7.5 Fl Oz",7.47 Fl Oz (Pack of 1),4.7 out of 5 stars,"3,180",,,B01N4QZZLP,https://m.media-amazon.com/images/I/71hAk-HnuVL._AC_UL320_.jpg
1089,https://www.amazon.com/365-Whole-Foods-Market-Foaming/dp/B09TG799JS/ref=sr_1_45_f3_0o_wf?crid=LE29BBXZRSHU&keywords=hand+soap&qid=1668803033&sprefix=hand+soap%2Caps%2C141&sr=8-45,"365 by Whole Foods Market Spiced Balsam Foaming Hand Soap, 12 FZ",($0.31/Fl Oz),5.0 out of 5 stars,4,$3.69 ,$9.95 for 2-hour delivery with Prime,B09TG799JS,https://m.media-amazon.com/images/I/61Wm6QgSORL._AC_UL320_.jpg
1090,https://www.amazon.com/Amazon-Basics-Gentle-Liquid-Triclosan-free/dp/B09HHDHXWX/ref=sr_1_46?crid=LE29BBXZRSHU&keywords=hand+soap&qid=1668803033&sprefix=hand+soap%2Caps%2C141&sr=8-46,"Amazon Basics Gentle & Mild Clear Liquid Hand Soap Refill, Triclosan-free, 56 Fluid Ounces, 1-Pack",56 Fl Oz (Pack of 1),4.6 out of 5 stars,"19,170",$4.68 ,"FREE delivery Fri, Nov 25 on $25 of items shipped by AmazonOr fastest delivery Sun, Nov 20||Climate Pledge Friendly|Climate Pledge Friendly|Climate Pledge Friendly|<img alt="""" src=""https://m.media-amazon.com/images/I/216-OX9rBaL._SS200_.png"" height=""50px"" width=""50px""/>  Climate Pledge Friendly|<img alt="""" src=""https://m.media-amazon.com/images/I/216-OX9rBaL._SS200_.png"" height=""50px"" width=""50px""/>  Climate Pledge Friendly|<img alt="""" src=""https://m.media-amazon.com/images/I/41Y2L-DZWfL._SS200_.png"" height=""50px"" width=""50px""/> Compact by Design (Certified by Amazon)",B09HHDHXWX,https://m.media-amazon.com/images/I/61mtaSBcWZL._AC_UL320_.jpg|https://m.media-amazon.com/images/I/216-OX9rBaL._SS200_.png||
1091,https://www.amazon.com/Meyers-Cruelty-Biodegradable-Formula-Essential/dp/B00T7PA482/ref=sr_1_47?crid=LE29BBXZRSHU&keywords=hand+soap&qid=1668803033&sprefix=hand+soap%2Caps%2C141&sr=8-47,"Mrs. Meyer's Hand Soap, Made with Essential Oils, Biodegradable Formula, Basil, 12.5 fl. oz",12.5 Fl Oz (Pack of 1),4.7 out of 5 stars,"11,923",$4.49 ,"FREE delivery Fri, Nov 25 on $25 of items shipped by AmazonOr fastest delivery Sun, Nov 20|",B00T7PA482,https://m.media-amazon.com/images/I/61zNtlWavnL._AC_UL320_.jpg
1092,https://www.amazon.com/MRS-MEYERS-CLEAN-DAY-Honeysuckle/dp/B018KT5CX2/ref=sr_1_48?crid=LE29BBXZRSHU&keywords=hand+soap&qid=1668803033&sprefix=hand+soap%2Caps%2C141&sr=8-48,"MRS. MEYER'S Liquid Hand Soap 12.5 OZ Scents Variety Pack 6 ( Rosemary, Basil, Geranium, Honeysuckle, Lavender, and Lemon Verbena)",12.5 Fl Oz (Pack of 6),4.8 out of 5 stars,"2,522",$36.99 ,"FREE delivery Fri, Nov 25 Or fastest delivery Tue, Nov 22|",B018KT5CX2,https://m.media-amazon.com/images/I/71V+EjjntCL._AC_UL320_.jpg
1093,https://www.amazon.com/Method-Foaming-Hand-Minerals-Ounce/dp/B000VS9QJC/ref=sr_1_49?crid=LE29BBXZRSHU&keywords=hand+soap&qid=1668803033&sprefix=hand+soap%2Caps%2C141&sr=8-49,"Method Foaming Hand Soap, Sea Minerals, 10 oz, 6 pack, Packaging May Vary",10 Fl Oz (Pack of 6),4.7 out of 5 stars,"11,184",$23.94 ,FREE delivery on $25 shipped by Amazon.,B000VS9QJC,https://m.media-amazon.com/images/I/610dUd8fJEL._AC_UL320_.jpg
1094,https://www.amazon.com/365-Whole-Foods-Market-Liquid/dp/B085D4LM4G/ref=sr_1_50_f3_0o_wf?crid=LE29BBXZRSHU&keywords=hand+soap&qid=1668803033&sprefix=hand+soap%2Caps%2C141&sr=8-50,"365 by Whole Foods Market, Hand Soap Liquid Anjou Pear, 12.5 Fl Oz",($0.34/Fl Oz),4.4 out of 5 stars,651,$4.19 ,$9.95 for 2-hour delivery with Prime,B085D4LM4G,https://m.media-amazon.com/images/I/61BHhCsxTtL._AC_UL320_.jpg
1095,https://www.amazon.com/365-Whole-Foods-Market-Sugared/dp/B09TGC6F5M/ref=sr_1_51_f3_0o_wf?crid=LE29BBXZRSHU&keywords=hand+soap&qid=1668803033&sprefix=hand+soap%2Caps%2C141&sr=8-51,"365 by Whole Foods Market Sugared Berries Foaming Hand Soap, 12 FZ",($0.31/Fl Oz),5.0 out of 5 stars,1,$3.69 ,$9.95 for 2-hour delivery with Prime,B09TGC6F5M,https://m.media-amazon.com/images/I/61jdfZER9sL._AC_UL320_.jpg
1096,https://www.amazon.com/Softsoap-Liquid-Hand-Soap-Soothing/dp/B000VM2O5Q/ref=sr_1_52?crid=LE29BBXZRSHU&keywords=hand+soap&qid=1668803033&sprefix=hand+soap%2Caps%2C141&sr=8-52,"Softsoap Liquid Hand Soap, Aloe - 7.5 fluid ounce",7.5 Fl Oz (Pack of 1),4.7 out of 5 stars,"8,310",,,B000VM2O5Q,https://m.media-amazon.com/images/I/71ana76ij0L._AC_UL320_.jpg
1097,https://www.amazon.com/Meyers-Essential-Biodegradable-Formula-Verbena/dp/B0BG99MKG8/ref=sr_1_53?crid=LE29BBXZRSHU&keywords=hand+soap&qid=1668803033&sprefix=hand+soap%2Caps%2C141&sr=8-53,"Mrs. Meyer's Hand Soap Refill, Made with Essential Oils, Biodegradable Formula, Lemon Verbena, 33 Fl. Oz - Pack Of 2",($0.25/Fl Oz),,,$16.79 ,"FREE delivery Fri, Nov 25 on $25 of items shipped by AmazonOr fastest delivery Tue, Nov 22|",B0BG99MKG8,https://m.media-amazon.com/images/I/81sFky4VE-L._AC_UL320_.jpg
1098,https://www.amazon.com/365-Whole-Foods-Market-Foaming/dp/B09TG7B7KS/ref=sr_1_54_f3_0o_wf?crid=LE29BBXZRSHU&keywords=hand+soap&qid=1668803033&sprefix=hand+soap%2Caps%2C141&sr=8-54,"365 by Whole Foods Market Apple Pie Foaming Hand Soap, 12 FZ",($0.31/Fl Oz),5.0 out of 5 stars,1,$3.69 ,$9.95 for 2-hour delivery with Prime,B09TG7B7KS,https://m.media-amazon.com/images/I/617BHS8NlWL._AC_UL320_.jpg
1099,https://www.amazon.com/365-Whole-Foods-Market-Peppermint/dp/B09TGH46JW/ref=sr_1_55_f3_0o_wf?crid=LE29BBXZRSHU&keywords=hand+soap&qid=1668803033&sprefix=hand+soap%2Caps%2C141&sr=8-55,"365 by Whole Foods Market, Peppermint Stick Foaming Hand Soap, 12 Ounce",($0.31/Fl Oz),5.0 out of 5 stars,3,$3.69 ,$9.95 for 2-hour delivery with Prime,B09TGH46JW,https://m.media-amazon.com/images/I/61HjuvBN3XL._AC_UL320_.jpg
1100,https://www.amazon.com/Mrs-Meyers-Liquid-Hand-Blossom/dp/B07TPSGMNH/ref=sr_1_56?crid=LE29BBXZRSHU&keywords=hand+soap&qid=1668803033&sprefix=hand+soap%2Caps%2C141&sr=8-56,"Mrs. Meyer's Hand Soap, Made with Essential Oils, Biodegradable Formula, Oat Blossom, 12.5 fl. oz - Pack of 3",12.5 Fl Oz (Pack of 3),4.8 out of 5 stars,"7,218",$14.48 ,"FREE delivery Fri, Nov 25 on $25 of items shipped by AmazonOr fastest delivery Tue, Nov 22|",B07TPSGMNH,https://m.media-amazon.com/images/I/81YUNEYoJdL._AC_UL320_.jpg
1101,https://www.amazon.com/Everyone-Plant-Based-Cleanser-Essential-Packaging/dp/B00KA38GYO/ref=sr_1_57?crid=LE29BBXZRSHU&keywords=hand+soap&qid=1668803033&sprefix=hand+soap%2Caps%2C141&sr=8-57,"Everyone Liquid Hand Soap, 12.75 Ounce (Pack of 3), Apricot and Vanilla, Plant-Based Cleanser with Pure Essential Oils (Packaging May Vary)",12.75 Fl Oz (Pack of 3),4.7 out of 5 stars,"1,910",$14.95 ,"FREE delivery Fri, Nov 25 on $25 of items shipped by AmazonOr fastest delivery Sun, Nov 20||Climate Pledge Friendly|Climate Pledge Friendly|Climate Pledge Friendly|<img alt="""" src=""https://m.media-amazon.com/images/I/216-OX9rBaL._SS200_.png"" height=""50px"" width=""50px""/>  Climate Pledge Friendly|<img alt="""" src=""https://m.media-amazon.com/images/I/216-OX9rBaL._SS200_.png"" height=""50px"" width=""50px""/>  Climate Pledge Friendly|<img alt="""" src=""https://m.media-amazon.com/images/I/31OPjlesFNL._SS200_.png"" height=""50px"" width=""50px""/> EWG Verified",B00KA38GYO,https://m.media-amazon.com/images/I/71KiVvyZMnL._AC_UL320_.jpg|https://m.media-amazon.com/images/I/216-OX9rBaL._SS200_.png||
1102,https://www.amazon.com/365-Whole-Foods-Market-Mistletoe/dp/B09TGHHC42/ref=sr_1_58_f3_0o_wf?crid=LE29BBXZRSHU&keywords=hand+soap&qid=1668803033&sprefix=hand+soap%2Caps%2C141&sr=8-58,"365 by Whole Foods Market, Sweet Mistletoe Foaming Hand Soap, 12 Ounce",($0.31/Fl Oz),,,$3.69 ,$9.95 for 2-hour delivery with Prime,B09TGHHC42,https://m.media-amazon.com/images/I/61a0nCF9JEL._AC_UL320_.jpg
1103,https://www.amazon.com/365-Whole-Foods-Market-Foaming/dp/B085D536Z3/ref=sr_1_59_f3_0o_wf?crid=LE29BBXZRSHU&keywords=hand+soap&qid=1668803033&sprefix=hand+soap%2Caps%2C141&sr=8-59,"365 by Whole Foods Market, Hand Soap Foaming Mint Garden, 12 Fl Oz",($0.31/Fl Oz),4.6 out of 5 stars,860,$3.69 ,$9.95 for 2-hour delivery with Prime,B085D536Z3,https://m.media-amazon.com/images/I/61vm9xX6UQL._AC_UL320_.jpg
1104,https://www.amazon.com/Dial-Antibacterial-Liquid-Refill-Spring/dp/B00H3R10DO/ref=sr_1_60?crid=LE29BBXZRSHU&keywords=hand+soap&qid=1668803033&sprefix=hand+soap%2Caps%2C141&sr=8-60,"Dial Antibacterial Liquid Hand Soap Refill, Spring Water, 32 Fluid Ounces",32 Fl Oz (Pack of 1),4.7 out of 5 stars,"5,338",$5.99 ,"FREE delivery Fri, Nov 25 on $25 of items shipped by AmazonOr fastest delivery Mon, Nov 21||Small Business|Small Business|Small Business|<img alt="""" src=""https://m.media-amazon.com/images/I/111mHoVK0kL._SS200_.png"" height=""50px"" width=""50px""/>  Small Business|<img alt="""" src=""https://m.media-amazon.com/images/I/111mHoVK0kL._SS200_.png"" height=""50px"" width=""50px""/>  Small Business",B00H3R10DO,https://m.media-amazon.com/images/I/71RwMB2cfOL._AC_UL320_.jpg|https://m.media-amazon.com/images/I/111mHoVK0kL._SS200_.png|
1105,https://aax-us-iad.amazon.com/x/c/RKRxgrk-4ynYp7OZULHCPnoAAAGEjGl7rQEAAAH2AQBOL0EgICAgICAgICAgICBOL0EgICAgICAgICAgICCRXLxo/https://www.amazon.com/dp/B09CLLD99K?pd_rd_i=B09CLLD99K&pf_rd_p=55defc4a-7c1e-47a7-8d1d-5cc458cca688&pf_rd_r=GAEXFSWAJEDJXVWX2XSF&pd_rd_wg=8QwfE&pd_rd_w=QdEPK&pd_rd_r=1f2ac7b0-3c73-4df0-ab19-776668bdd850,"Mrs. Meyer's Hand Soap, Made with Essential Oils, Biodegradable Formula, Limited Edition Snowdrop, 12.5 fl. oz - Pack of 3",Sponsored,4.9 out of 5 stars,"2,606",$14.48 ,"FREE delivery Fri, Nov 25 on $25 of items shipped by AmazonOr fastest delivery Tue, Nov 22|",,
1113,https://www.amazon.com/sspa/click?ie=UTF8&spc=MTo3NTU3MjAzOTI4MDczNzMwOjE2Njg4MDMwNjM6c3BfYXRmOjIwMDA0OTkwMzY0NjI5ODo6MDo6&url=%2FAmazon-Basics-Clarifying-Grapefruit-Dermatologist%2Fdp%2FB09HHBQKW5%2Fref%3Dsr_1_1_sspa%3Fcrid%3D3JC7V02ZZX9U4%26keywords%3Dbody%2Bwash%26qid%3D1668803063%26sprefix%3Dbody%2Bwash%2B%252Caps%252C85%26sr%3D8-1-spons%26sp_csd%3Dd2lkZ2V0TmFtZT1zcF9hdGY%26psc%3D1,"Amazon Basics Clarifying Pink Grapefruit Body Wash, 2% Salicylic Acid Acne Treatment, Dermatologist Tested, 8.5 Fluid Ounces, Pack of 1",Featured from our brands,4.4 out of 5 stars,"10,530",$5.23 ,"FREE delivery Fri, Nov 25 on $25 of items shipped by AmazonOr fastest delivery Sun, Nov 20|",B09HHBQKW5,https://m.media-amazon.com/images/I/61fdWp44IgL._AC_UL320_.jpg
1114,https://www.amazon.com/sspa/click?ie=UTF8&spc=MTo3NTU3MjAzOTI4MDczNzMwOjE2Njg4MDMwNjM6c3BfYXRmOjIwMDA4NTc0MDAwMjk5ODo6MDo6&url=%2FDove-fresh-Pomegranate-Lemon-Verbena%2Fdp%2FB002TSA948%2Fref%3Dsr_1_2_sspa%3Fcrid%3D3JC7V02ZZX9U4%26keywords%3Dbody%2Bwash%26qid%3D1668803063%26sprefix%3Dbody%2Bwash%2B%252Caps%252C85%26sr%3D8-2-spons%26sp_csd%3Dd2lkZ2V0TmFtZT1zcF9hdGY%26psc%3D1,"Dove Body Wash for Softer, Smoother Skin After Just One Use Pomegranate and Hibiscus Tea Sulfate-free Bodywash, 22 Fl Oz (Pack of 2)",Sponsored,4.7 out of 5 stars,"9,841",$12.97 ,FREE delivery on $25 shipped by Amazon.,B002TSA948,https://m.media-amazon.com/images/I/71mG+YqZmsL._AC_UL320_.jpg
1115,https://www.amazon.com/sspa/click?ie=UTF8&spc=MTo3NTU3MjAzOTI4MDczNzMwOjE2Njg4MDMwNjM6c3BfYXRmOjIwMDA4NTc0MDAwNzg5ODo6MDo6&url=%2FSuave-Body-Wash-Shampoo-Hair%2Fdp%2FB002WN2Y8O%2Fref%3Dsr_1_3_sspa%3Fcrid%3D3JC7V02ZZX9U4%26keywords%3Dbody%2Bwash%26qid%3D1668803063%26sprefix%3Dbody%2Bwash%2B%252Caps%252C85%26sr%3D8-3-spons%26sp_csd%3Dd2lkZ2V0TmFtZT1zcF9hdGY%26psc%3D1,"Suave Men 3in1 for Everyday Use Hair, Body and Face Wash Fragrance Bodywash, Shower Gel and Shampoo for Men 15 oz",Sponsored,4.6 out of 5 stars,"2,272",$11.28 ,FREE delivery on $25 shipped by Amazon.,B002WN2Y8O,https://m.media-amazon.com/images/I/61Ju9uN7CoL._AC_UL320_.jpg
1116,https://www.amazon.com/sspa/click?ie=UTF8&spc=MTo3NTU3MjAzOTI4MDczNzMwOjE2Njg4MDMwNjM6c3BfYXRmOjIwMDA3OTU4NTk3NTk5ODo6MDo6&url=%2FOld-Spice-Captain-scent-command%2Fdp%2FB07FL8HW3F%2Fref%3Dsr_1_4_sspa%3Fcrid%3D3JC7V02ZZX9U4%26keywords%3Dbody%2Bwash%26qid%3D1668803063%26sprefix%3Dbody%2Bwash%2B%252Caps%252C85%26sr%3D8-4-spons%26sp_csd%3Dd2lkZ2V0TmFtZT1zcF9hdGY%26psc%3D1,"Old Spice Body Wash for Men, Captain Scent of Command, 21 Fl Oz (Pack Of 4)",Sponsored,4.8 out of 5 stars,"1,548",$21.94 ,"FREE delivery Fri, Nov 25 on $25 of items shipped by AmazonOr fastest delivery Sun, Nov 20|",B07FL8HW3F,https://m.media-amazon.com/images/I/61HDiIyDhEL._AC_UL320_.jpg
1117,https://www.amazon.com/NIVEA-Refreshing-White-Peach-Jasmine/dp/B082QB23YG/ref=sr_1_5?crid=3JC7V02ZZX9U4&keywords=body+wash&qid=1668803063&sprefix=body+wash+%2Caps%2C85&sr=8-5,"NIVEA White Peach and Jasmine Body Wash with Nourishing Serum, 20 Fl Oz",20 Fl Oz (Pack of 1),4.5 out of 5 stars,"12,462",$4.99 ,"FREE delivery Fri, Nov 25 on $25 of items shipped by AmazonOr fastest delivery Sun, Nov 20|",B082QB23YG,https://m.media-amazon.com/images/I/71GqoSMAesL._AC_UL320_.jpg
1118,https://www.amazon.com/OGX-Moisturizing-Paraben-Free-Sulfate-Free-Surfactants/dp/B01IMDR5Y0/ref=sr_1_6?crid=3JC7V02ZZX9U4&keywords=body+wash&qid=1668803063&sprefix=body+wash+%2Caps%2C85&sr=8-6,"OGX Radiant Glow + Argan Oil of Morocco Extra Hydrating Body Wash for Dry Skin, Moisturizing Gel Body Cleanser for Silky Soft Skin, Paraben-Free, Sulfate-Free Surfactants, 19.5 fl oz",19.51 Fl Oz (Pack of 1),4.6 out of 5 stars,"18,710",$5.99 ,"FREE delivery Fri, Nov 25 on $25 of items shipped by AmazonOr fastest delivery Sun, Nov 20|",B01IMDR5Y0,https://m.media-amazon.com/images/I/81Y1ncHWu5L._AC_UL320_.jpg
1119,https://www.amazon.com/Dove-Body-Wash-Variety-Pack/dp/B07VCVDRKG/ref=sr_1_7?crid=3JC7V02ZZX9U4&keywords=body+wash&qid=1668803063&sprefix=body+wash+%2Caps%2C85&sr=8-7,"Dove Body Wash Variety - Shea Butter, Deep Moisture, Pistachio Cream, Coconut Milk, Gentle Exfoliating and Silk Glow, 16.9oz Each International Version ,16.9Oz (Pack of 6)",16.9 Ounce (Pack of 6),4.8 out of 5 stars,"23,496",$28.10 ,"FREE delivery Fri, Nov 25|",B07VCVDRKG,https://m.media-amazon.com/images/I/61RJqWVnMIS._AC_UL320_.jpg
1120,https://aax-us-iad.amazon.com/x/c/RDNGHkF-ePhSoAW6H8YJH-8AAAGEjGnupwEAAAH2AQBOL0EgICAgICAgICAgICBOL0EgICAgICAgICAgICBhlarB/https://www.amazon.com/dp/B00ZQEIVO2?pd_rd_i=B00ZQEIVO2&pf_rd_p=b000e0a0-9e93-480f-bf78-a83c8136dfcb&pf_rd_r=V2XW6WDDDBP4NM8R9M6X&pd_rd_wg=I8OQw&pd_rd_w=L2Vhn&pd_rd_r=fcc09932-20ef-46ee-9ad2-4c20e7470021,"McKesson Body Wash and Shampoo with Aloe, Sumer Rain Scent, 1 gal, 1 Count",Sponsored,4.5 out of 5 stars,"1,294",$24.00 ,"FREE delivery Wed, Nov 23",,
1121,https://www.amazon.com/Honest-Hypoallergenic-Naturally-Botanicals-Sensitive/dp/B072MZ562L/ref=sxin_14_cpf_saw-CPFPecos-dsk-lmlk-asin?content-id=amzn1.sym.0f1b45b9-2ef3-449d-8dec-0cc7749915dc%3Aamzn1.sym.0f1b45b9-2ef3-449d-8dec-0cc7749915dc&crid=3JC7V02ZZX9U4&cv_ct_cx=body+wash&keywords=body+wash&pd_rd_i=B072MZ562L&pd_rd_r=fcc09932-20ef-46ee-9ad2-4c20e7470021&pd_rd_w=wPXEN&pd_rd_wg=I8OQw&pf_rd_p=0f1b45b9-2ef3-449d-8dec-0cc7749915dc&pf_rd_r=V2XW6WDDDBP4NM8R9M6X&qid=1668803063&sprefix=body+wash+%2Caps%2C85&sr=1-1-88bb4e7b-fb79-43dc-9dec-6da196f88672,"The Honest Company Foaming Bubble Bath | Gentle for Baby | Naturally Derived, Tear-free, Hypoallergenic | Fragrance Free Sensitive, 12 fl oz","Shop products with sustainability certifications, as part of our commitment to help preserve the natural world. Time is fleeting.",4.7 out of 5 stars|4.2 out of 5 stars|4.7 out of 5 stars|4.8 out of 5 stars|4.8 out of 5 stars|4.7 out of 5 stars|4.7 out of 5 stars,"27,209|18,603|15,298|13,791|13,791|10,233|9,851",$11.99 ,"Climate Pledge Friendly|Climate Pledge Friendly|Climate Pledge Friendly|<img alt="""" src=""https://m.media-amazon.com/images/I/216-OX9rBaL._SS200_.png"" height=""50px"" width=""50px""/>  Climate Pledge Friendly|<img alt="""" src=""https://m.media-amazon.com/images/I/216-OX9rBaL._SS200_.png"" height=""50px"" width=""50px""/>  Climate Pledge Friendly|<img alt="""" src=""https://m.media-amazon.com/images/I/31OPjlesFNL._SS200_.png"" height=""50px"" width=""50px""/> EWG Verified|Climate Pledge Friendly|Climate Pledge Friendly|Climate Pledge Friendly|<img alt="""" src=""https://m.media-amazon.com/images/I/216-OX9rBaL._SS200_.png"" height=""50px"" width=""50px""/>  Climate Pledge Friendly|<img alt="""" src=""https://m.media-amazon.com/images/I/216-OX9rBaL._SS200_.png"" height=""50px"" width=""50px""/>  Climate Pledge Friendly|<img alt="""" src=""https://m.media-amazon.com/images/I/41Y2L-DZWfL._SS200_.png"" height=""50px"" width=""50px""/> Compact by Design (Certified by Amazon)|Climate Pledge Friendly  Small Business|Climate Pledge Friendly|Climate Pledge Friendly|Small Business|Small Business|<img alt="""" src=""https://m.media-amazon.com/images/I/216-OX9rBaL._SS200_.png"" height=""50px"" width=""50px""/>  Climate Pledge Friendly|<img alt="""" src=""https://m.media-amazon.com/images/I/216-OX9rBaL._SS200_.png"" height=""50px"" width=""50px""/>  Climate Pledge Friendly|<img alt="""" src=""https://m.media-amazon.com/images/I/41Y2L-DZWfL._SS200_.png"" height=""50px"" width=""50px""/> Compact by Design (Certified by Amazon)|<img alt="""" src=""https://m.media-amazon.com/images/I/111mHoVK0kL._SS200_.png"" height=""50px"" width=""50px""/>  Small Business|<img alt="""" src=""https://m.media-amazon.com/images/I/111mHoVK0kL._SS200_.png"" height=""50px"" width=""50px""/>  Small Business|Climate Pledge Friendly|Climate Pledge Friendly|Climate Pledge Friendly|<img alt="""" src=""https://m.media-amazon.com/images/I/216-OX9rBaL._SS200_.png"" height=""50px"" width=""50px""/>  Climate Pledge Friendly|<img alt="""" src=""https://m.media-amazon.com/images/I/216-OX9rBaL._SS200_.png"" height=""50px"" width=""50px""/>  Climate Pledge Friendly|<img alt="""" src=""https://m.media-amazon.com/images/I/41Y2L-DZWfL._SS200_.png"" height=""50px"" width=""50px""/> Compact by Design (Certified by Amazon)|Climate Pledge Friendly|Climate Pledge Friendly|Climate Pledge Friendly|<img alt="""" src=""https://m.media-amazon.com/images/I/216-OX9rBaL._SS200_.png"" height=""50px"" width=""50px""/>  Climate Pledge Friendly|<img alt="""" src=""https://m.media-amazon.com/images/I/216-OX9rBaL._SS200_.png"" height=""50px"" width=""50px""/>  Climate Pledge Friendly|<img alt="""" src=""https://m.media-amazon.com/images/I/41Y2L-DZWfL._SS200_.png"" height=""50px"" width=""50px""/> Compact by Design (Certified by Amazon)|Climate Pledge Friendly|Climate Pledge Friendly|Climate Pledge Friendly|<img alt="""" src=""https://m.media-amazon.com/images/I/216-OX9rBaL._SS200_.png"" height=""50px"" width=""50px""/>  Climate Pledge Friendly|<img alt="""" src=""https://m.media-amazon.com/images/I/216-OX9rBaL._SS200_.png"" height=""50px"" width=""50px""/>  Climate Pledge Friendly|<img alt="""" src=""https://m.media-amazon.com/images/I/41Y2L-DZWfL._SS200_.png"" height=""50px"" width=""50px""/> Compact by Design (Certified by Amazon)|Climate Pledge Friendly  Small Business|Climate Pledge Friendly|Climate Pledge Friendly|Small Business|Small Business|<img alt="""" src=""https://m.media-amazon.com/images/I/216-OX9rBaL._SS200_.png"" height=""50px"" width=""50px""/>  Climate Pledge Friendly|<img alt="""" src=""https://m.media-amazon.com/images/I/216-OX9rBaL._SS200_.png"" height=""50px"" width=""50px""/>  Climate Pledge Friendly|<img alt="""" src=""https://m.media-amazon.com/images/I/41Y2L-DZWfL._SS200_.png"" height=""50px"" width=""50px""/> Compact by Design (Certified by Amazon)|<img alt="""" src=""https://m.media-amazon.com/images/I/111mHoVK0kL._SS200_.png"" height=""50px"" width=""50px""/>  Small Business|<img alt="""" src=""https://m.media-amazon.com/images/I/111mHoVK0kL._SS200_.png"" height=""50px"" width=""50px""/>  Small Business",,https://m.media-amazon.com/images/I/71otuzNejkL._AC_UL320_.jpg|https://m.media-amazon.com/images/I/216-OX9rBaL._SS200_.png|||https://m.media-amazon.com/images/I/51OgdQwPCjL._AC_UL320_.jpg|https://m.media-amazon.com/images/I/216-OX9rBaL._SS200_.png|||https://m.media-amazon.com/images/I/8187TjH5YwL._AC_UL320_.jpg|https://m.media-amazon.com/images/I/216-OX9rBaL._SS200_.png|https://m.media-amazon.com/images/I/111mHoVK0kL._SS200_.png||||https://m.media-amazon.com/images/I/71Nj0vM0ANL._AC_UL320_.jpg|https://m.media-amazon.com/images/I/216-OX9rBaL._SS200_.png|||https://m.media-amazon.com/images/I/71CIb2DlZWL._AC_UL320_.jpg|https://m.media-amazon.com/images/I/216-OX9rBaL._SS200_.png|||https://m.media-amazon.com/images/I/71UWZ1Cf57L._AC_UL320_.jpg|https://m.media-amazon.com/images/I/216-OX9rBaL._SS200_.png|||https://m.media-amazon.com/images/I/71mHEp5RbVL._AC_UL320_.jpg|https://m.media-amazon.com/images/I/216-OX9rBaL._SS200_.png|https://m.media-amazon.com/images/I/111mHoVK0kL._SS200_.png|||
1124,https://www.amazon.com/Dove-Body-Wash-Pump-Moisture/dp/B00MEDOY2G/ref=sr_1_8?crid=3JC7V02ZZX9U4&keywords=body+wash&qid=1668803063&sprefix=body+wash+%2Caps%2C85&sr=8-8,Dove Deep Moisture Body Wash with Pump For Dry Skin Moisturizing Body Wash Cleanser Transforms Even The Driest Skin In One Shower 34 oz,34 Fl Oz (Pack of 1),4.8 out of 5 stars,"58,732",$8.97 ,FREE delivery on $25 shipped by Amazon.,B00MEDOY2G,https://m.media-amazon.com/images/I/612WP0GwYwL._AC_UL320_.jpg
1125,https://www.amazon.com/OGX-Creamy-Coconut-Miracle-Moisture/dp/B01IMEJV5U/ref=sr_1_9?crid=3JC7V02ZZX9U4&keywords=body+wash&qid=1668803063&sprefix=body+wash+%2Caps%2C85&sr=8-9,"OGX Extra Creamy + Coconut Miracle Oil Ultra Moisture Body Wash, 19.5 Fl Oz",19.5 Fl Oz (Pack of 1),4.6 out of 5 stars,"32,687",$6.39 ,"FREE delivery Fri, Nov 25 on $25 of items shipped by AmazonOr fastest delivery Sun, Nov 20|",B01IMEJV5U,https://m.media-amazon.com/images/I/51y844cSLgS._AC_UL320_.jpg
1126,https://www.amazon.com/Aveeno-Moisturizes-Chamomile-Ylang-Ylang-Essential/dp/B07FK8YR27/ref=sr_1_10?crid=3JC7V02ZZX9U4&keywords=body+wash&qid=1668803063&sprefix=body+wash+%2Caps%2C85&sr=8-10,"Aveeno Stress Relief Body Wash with Soothing Oat, Gently Cleanses and Moisturizes with Lavender Scent, Chamomile & Ylang-Ylang Essential Oils, Dye-Free & Soap-Free Calming Body Wash, 18 fl. oz",18 Fl Oz (Pack of 1),4.7 out of 5 stars,"22,313",$7.97 ,"FREE delivery Fri, Nov 25 on $25 of items shipped by AmazonOr fastest delivery Sun, Nov 20|",B07FK8YR27,https://m.media-amazon.com/images/I/61bkhWkFAkL._AC_UL320_.jpg
1127,https://www.amazon.com/Aveeno-Positively-Nourishing-Moisturizing-Calming/dp/B003USJXAM/ref=sr_1_11?crid=3JC7V02ZZX9U4&keywords=body+wash&qid=1668803063&sprefix=body+wash+%2Caps%2C85&sr=8-11,"Aveeno Positively Nourishing Calming Body Wash with Lavender, Chamomile & Ylang-Ylang, Lightly Scented Daily Moisturizing Body Cleanser to Soothe & Relax, 16 fl. oz",16 Fl Oz (Pack of 1),4.8 out of 5 stars,"9,812",$6.57 ,"FREE delivery Fri, Nov 25 on $25 of items shipped by AmazonOr fastest delivery Sun, Nov 20|",B003USJXAM,https://m.media-amazon.com/images/I/71LQeFokIAL._AC_UL320_.jpg
1128,https://www.amazon.com/Dove-Body-Moisture-Gentle-Bodywash/dp/B0846G318P/ref=sr_1_12?crid=3JC7V02ZZX9U4&keywords=body+wash&qid=1668803063&sprefix=body+wash+%2Caps%2C85&sr=8-12,"Dove Deep Moisture Body Wash For Dry Skin Moisturizing Body Wash Transforms Even The Driest Skin In One Shower , 22 Fl Oz (Pack of 4)",22 Fl Oz (Pack of 4),4.8 out of 5 stars,"41,687",,,B0846G318P,https://m.media-amazon.com/images/I/51or9--aOvL._AC_UL320_.jpg
1129,https://www.amazon.com/NIVEA-Men-Maximum-Hydration-Body/dp/B00OQ1ZKO0/ref=sr_1_13?crid=3JC7V02ZZX9U4&keywords=body+wash&qid=1668803063&sprefix=body+wash+%2Caps%2C85&sr=8-13,"NIVEA MEN Maximum Hydration Body Wash, Aloe Vera Body Wash for Dry Skin, 16.9 Fl Oz (Pack of 3)",16.9 Fl Oz (Pack of 3),4.7 out of 5 stars,"19,572",$12.51 ,"FREE delivery Fri, Nov 25 on $25 of items shipped by AmazonOr fastest delivery Tue, Nov 22|",B00OQ1ZKO0,https://m.media-amazon.com/images/I/719PACdUIHS._AC_UL320_.jpg
1130,https://www.amazon.com/Renpure-Tree-Mint-Body-Wash/dp/B07B3XCPJM/ref=sr_1_14?crid=3JC7V02ZZX9U4&keywords=body+wash&qid=1668803063&sprefix=body+wash+%2Caps%2C85&sr=8-14,Renpure Original Tea Tree Essential Oil & Peppermint Moisturizing Body Wash With Pump – Body wash for Dry Sensitive Skin & Decongest Pores – Sulfate Free Body Wash & Liquid Hand Soap For Men & Women,24 Fl Oz (Pack of 1),4.5 out of 5 stars,"6,479",$5.38 ,"FREE delivery Fri, Nov 25 on $25 of items shipped by AmazonOr fastest delivery Sun, Nov 20|",B07B3XCPJM,https://m.media-amazon.com/images/I/71UYZOoFO3L._AC_UL320_.jpg
1131,https://www.amazon.com/Irish-Spring-Moisture-Blast-Shower/dp/B09GN14Y2S/ref=sr_1_15?crid=3JC7V02ZZX9U4&keywords=body+wash&qid=1668803063&rdc=1&sprefix=body+wash+%2Caps%2C85&sr=8-15,"Irish Spring Moisture Blast Body Wash, 30 Oz Pump",30 Fl Oz (Pack of 1),4.7 out of 5 stars,"6,110",$6.94 ,"FREE delivery Fri, Nov 25 on $25 of items shipped by AmazonOr fastest delivery Sun, Nov 20|",B09GN14Y2S,https://m.media-amazon.com/images/I/71C7up9ED0L._AC_UL320_.jpg
1132,https://www.amazon.com/NIVEA-Delicate-Orchid-Nourishing-Bottle/dp/B09ZKKJTG5/ref=sr_1_16?crid=3JC7V02ZZX9U4&keywords=body+wash&qid=1668803063&sprefix=body+wash+%2Caps%2C85&sr=8-16,"NIVEA Delicate Orchid and Amber Body Wash with Nourishing Serum, 20 Fl Oz Bottle",20 Fl Oz (Pack of 1),4.7 out of 5 stars,"2,515",$6.00 ,"FREE delivery Fri, Nov 25 on $25 of items shipped by AmazonOr fastest delivery Sun, Nov 20|",B09ZKKJTG5,https://m.media-amazon.com/images/I/61ZVJnvkBaL._AC_UL320_.jpg
1133,https://www.amazon.com/sspa/click?ie=UTF8&spc=MTo3NTU3MjAzOTI4MDczNzMwOjE2Njg4MDMwNjM6c3BfbXRmOjIwMDA1MzU1MTkxNDU5ODo6MDo6&url=%2FAmazon-Basics-Smooth-Orange-Blossom%2Fdp%2FB09HH95HPC%2Fref%3Dsr_1_17_sspa%3Fcrid%3D3JC7V02ZZX9U4%26keywords%3Dbody%2Bwash%26qid%3D1668803063%26sprefix%3Dbody%2Bwash%2B%252Caps%252C85%26sr%3D8-17-spons%26sp_csd%3Dd2lkZ2V0TmFtZT1zcF9tdGY%26psc%3D1,"Amazon Basics Silky Smooth Body Wash, Peach and Orange Blossom Scent, 18 Fluid Ounces, Pack of 4",Featured from our brands,4.4 out of 5 stars,"2,948",$15.38 ,"FREE delivery Fri, Nov 25 on $25 of items shipped by AmazonOr fastest delivery Mon, Nov 21|",B09HH95HPC,https://m.media-amazon.com/images/I/71x0GpymDPL._AC_UL320_.jpg
1134,https://www.amazon.com/sspa/click?ie=UTF8&spc=MTo3NTU3MjAzOTI4MDczNzMwOjE2Njg4MDMwNjM6c3BfbXRmOjIwMDA0Njg0MzQ5MDU5ODo6MDo6&url=%2FCETAPHIL-Moisturizing-Sensitive-Hypoallergenic-Fragrance%2Fdp%2FB09MVB4BM9%2Fref%3Dsr_1_18_sspa%3Fcrid%3D3JC7V02ZZX9U4%26keywords%3Dbody%2Bwash%26qid%3D1668803063%26sprefix%3Dbody%2Bwash%2B%252Caps%252C85%26sr%3D8-18-spons%26sp_csd%3Dd2lkZ2V0TmFtZT1zcF9tdGY%26psc%3D1,"Body Wash by CETAPHIL, NEW Moisturizing Relief Body Wash for Sensitive Skin, Creamy Rich Formula Gently Cleanses and Gives 24 Hr Relief to Dry Skin,Hypoallergenic, Fragrance Free, 20 oz",Sponsored,4.6 out of 5 stars,845,$9.97 ,"FREE delivery Fri, Nov 25 on $25 of items shipped by AmazonOr fastest delivery Sun, Nov 20|",B09MVB4BM9,https://m.media-amazon.com/images/I/614slTqojTL._AC_UL320_.jpg
1135,https://www.amazon.com/sspa/click?ie=UTF8&spc=MTo3NTU3MjAzOTI4MDczNzMwOjE2Njg4MDMwNjM6c3BfbXRmOjIwMDA3MDgxMjYwODc5ODo6MDo6&url=%2FOld-Spice-Smoother-Swagger-Collection%2Fdp%2FB078J7PNSS%2Fref%3Dsr_1_19_sspa%3Fcrid%3D3JC7V02ZZX9U4%26keywords%3Dbody%2Bwash%26qid%3D1668803063%26sprefix%3Dbody%2Bwash%2B%252Caps%252C85%26sr%3D8-19-spons%26sp_csd%3Dd2lkZ2V0TmFtZT1zcF9tdGY%26psc%3D1,"Old Spice Hydro Body Wash for Men, Smoother Swagger Scent, Hardest Working Collection, 16 Ounce (Pack of 4)",Sponsored,4.7 out of 5 stars,"12,835",$21.94 ,"FREE delivery Fri, Nov 25 on $25 of items shipped by AmazonOr fastest delivery Sun, Nov 20|",B078J7PNSS,https://m.media-amazon.com/images/I/71H32zFVHIL._AC_UL320_.jpg
1136,https://www.amazon.com/sspa/click?ie=UTF8&spc=MTo3NTU3MjAzOTI4MDczNzMwOjE2Njg4MDMwNjM6c3BfbXRmOjIwMDA4MjA1NDY4NTk5ODo6MDo6&url=%2FNative-Natural-Naturally-Ingredients-Hydrating%2Fdp%2FB0B4WQLC5V%2Fref%3Dsr_1_20_sspa%3Fcrid%3D3JC7V02ZZX9U4%26keywords%3Dbody%2Bwash%26qid%3D1668803063%26sprefix%3Dbody%2Bwash%2B%252Caps%252C85%26sr%3D8-20-spons%26sp_csd%3Dd2lkZ2V0TmFtZT1zcF9tdGY%26psc%3D1,"Native Body Wash Natural Body Wash for Women, Men | Sulfate Free, Paraben Free, Dye Free, with Naturally Derived Clean Ingredients Leaving Skin Soft and Hydrating, Lilac & White Tea 18 oz - 2 Pk",Sponsored,4.6 out of 5 stars,"5,381",$17.94 ,"FREE delivery Fri, Nov 25 on $25 of items shipped by AmazonOr fastest delivery Sun, Nov 20||Small Business|Small Business|Small Business|<img alt="""" src=""https://m.media-amazon.com/images/I/111mHoVK0kL._SS200_.png"" height=""50px"" width=""50px""/>  Small Business|<img alt="""" src=""https://m.media-amazon.com/images/I/111mHoVK0kL._SS200_.png"" height=""50px"" width=""50px""/>  Small Business",B0B4WQLC5V,https://m.media-amazon.com/images/I/51+SzZ8OBlL._AC_UL320_.jpg|https://m.media-amazon.com/images/I/111mHoVK0kL._SS200_.png|
1137,https://www.amazon.com/Extra-Effectively-Washes-Bacteria-Nourishing/dp/B0837311RV/ref=sr_1_21?crid=3JC7V02ZZX9U4&keywords=body+wash&qid=1668803063&sprefix=body+wash+%2Caps%2C85&sr=8-21,"Dove Men+Care Body Wash for Men's Skin Care Extra Fresh Effectively Washes Away Bacteria While Nourishing Your Skin, 18 Ounce (Pack of 4)",18 Ounce (Pack of 4),4.8 out of 5 stars,"12,578",$25.94 ,"FREE delivery Fri, Nov 25 Or fastest delivery Sun, Nov 20|",B0837311RV,https://m.media-amazon.com/images/I/81wWAxW+lZL._AC_UL320_.jpg
1138,https://www.amazon.com/Softsoap-Moisturizing-Body-Pomegranate-Mango/dp/B082VLGNJB/ref=sr_1_22?crid=3JC7V02ZZX9U4&keywords=body+wash&qid=1668803063&rdc=1&sprefix=body+wash+%2Caps%2C85&sr=8-22,"Softsoap Body Wash, Pomegranate & Mango Spritz Body Wash, 20 Ounce, 4 Pack",20 Fl Oz (Pack of 4),4.8 out of 5 stars,"5,165",$14.99 ,"FREE delivery Fri, Nov 25 on $25 of items shipped by AmazonOr fastest delivery Tue, Nov 22|",B082VLGNJB,https://m.media-amazon.com/images/I/61Wqi2UhlqL._AC_UL320_.jpg
1139,https://www.amazon.com/Dove-Revitalize-Effectively-Bacteria-Nourishing/dp/B08PFGLHP6/ref=sr_1_23?crid=3JC7V02ZZX9U4&keywords=body+wash&qid=1668803063&sprefix=body+wash+%2Caps%2C85&sr=8-23,"Dove Body Wash to Revitalize and Refresh Skin Mango Butter and Almond Butter Effectively Washes Away Bacteria While Nourishing Your, 34 Fl Oz (Pack of 3)",34 Fl Oz (Pack of 3),4.8 out of 5 stars,"11,867",$26.91 ,"FREE delivery Fri, Nov 25 Or fastest delivery Sun, Nov 20|",B08PFGLHP6,https://m.media-amazon.com/images/I/71tIa474ONL._AC_UL320_.jpg
1140,https://www.amazon.com/Jergens-Softening-cherry-almond-Ounce/dp/B0831KDC5K/ref=sr_1_24?crid=3JC7V02ZZX9U4&keywords=body+wash&qid=1668803063&rdc=1&sprefix=body+wash+%2Caps%2C85&sr=8-24,"Jergens Softening Cherry Almond Body Wash, Daily Moisturizing Skin Cleanser, Paraben Free, 22 Ounces, Infused with Cherry Almond, pH Balanced, Dye Free, Dermatologist Tested (Packaging May Vary)",22 Fl Oz (Pack of 1),4.6 out of 5 stars,"8,006",$7.99 ,"FREE delivery Fri, Nov 25 on $25 of items shipped by AmazonOr fastest delivery Sun, Nov 20|",B0831KDC5K,https://m.media-amazon.com/images/I/71upWu91V0L._AC_UL320_.jpg
1141,https://www.amazon.com/Native-Natural-Naturally-Ingredients-Hydrating/dp/B0B4WQLC5V/ref=sr_1_25?crid=3JC7V02ZZX9U4&keywords=body+wash&qid=1668803063&sprefix=body+wash+%2Caps%2C85&sr=8-25,"Native Body Wash Natural Body Wash for Women, Men | Sulfate Free, Paraben Free, Dye Free, with Naturally Derived Clean Ingredients Leaving Skin Soft and Hydrating, Lilac & White Tea 18 oz - 2 Pk",18 Fl Oz (Pack of 2),4.6 out of 5 stars,"5,381",$17.94 ,"FREE delivery Fri, Nov 25 on $25 of items shipped by AmazonOr fastest delivery Sun, Nov 20||Small Business|Small Business|Small Business|<img alt="""" src=""https://m.media-amazon.com/images/I/111mHoVK0kL._SS200_.png"" height=""50px"" width=""50px""/>  Small Business|<img alt="""" src=""https://m.media-amazon.com/images/I/111mHoVK0kL._SS200_.png"" height=""50px"" width=""50px""/>  Small Business",B0B4WQLC5V,https://m.media-amazon.com/images/I/51+SzZ8OBlL._AC_UL320_.jpg|https://m.media-amazon.com/images/I/111mHoVK0kL._SS200_.png|
1142,https://www.amazon.com/OGX-Rosewater-Soothing-Exfoliating-Sulfate-Free/dp/B07YYY5QZ4/ref=sr_1_26?crid=3JC7V02ZZX9U4&keywords=body+wash&qid=1668803063&sprefix=body+wash+%2Caps%2C85&sr=8-26,"OGX Pink Sea Salt & Rosewater Gentle Soothing Body Scrub, Light Exfoliating Body Wash, Sulfate-Free, 19.5 Ounce, 1.0 Count",19.5 Fl Oz (Pack of 1),4.5 out of 5 stars,"22,502",$5.97 ,"FREE delivery Fri, Nov 25 on $25 of items shipped by Amazon|",B07YYY5QZ4,https://m.media-amazon.com/images/I/610G1FFzheL._AC_UL320_.jpg
1143,https://www.amazon.com/Dove-Dryness-Effectively-Bacteria-Nourishing/dp/B0846G6J5J/ref=sr_1_27?crid=3JC7V02ZZX9U4&keywords=body+wash&qid=1668803063&sprefix=body+wash+%2Caps%2C85&sr=8-27,"Dove Body Wash for Dry Skin Dryness Relief Effectively Washes Away Bacteria While Nourishing Your Skin, 22 Fl Oz (Pack of 4)",22 Fl Oz (Pack of 4),4.8 out of 5 stars,"2,640",$27.88 ,"FREE delivery Fri, Nov 25 Or fastest delivery Sun, Nov 20|",B0846G6J5J,https://m.media-amazon.com/images/I/71QbMbot8LL._AC_UL320_.jpg
1144,https://www.amazon.com/Ginger-Lily-Farms-Botanicals-Cruelty-Free/dp/B00DQSKVIO/ref=sr_1_28?crid=3JC7V02ZZX9U4&keywords=body+wash&qid=1668803063&sprefix=body+wash+%2Caps%2C85&sr=8-28,"Ginger Lily Farms Botanicals Nourishing Body Wash, Island Tranquility, 100% Vegan & Cruelty-Free, Green Tea & Lemongrass Scent, 1 Gallon Refill (128 fl. oz.)",128 Fl Oz (Pack of 1),4.6 out of 5 stars,"3,368",$19.99 ,"FREE delivery Fri, Nov 25 on $25 of items shipped by Amazon|",B00DQSKVIO,https://m.media-amazon.com/images/I/51z3WN1XA6L._AC_UL320_.jpg
1145,https://www.amazon.com/Amazon-Basics-Clarifying-Grapefruit-Dermatologist/dp/B09HHBQKW5/ref=sr_1_29?crid=3JC7V02ZZX9U4&keywords=body+wash&qid=1668803063&sprefix=body+wash+%2Caps%2C85&sr=8-29,"Amazon Basics Clarifying Pink Grapefruit Body Wash, 2% Salicylic Acid Acne Treatment, Dermatologist Tested, 8.5 Fluid Ounces, Pack of 1",8.5 Fl Oz (Pack of 1),4.4 out of 5 stars,"10,530",$5.23 ,"FREE delivery Fri, Nov 25 on $25 of items shipped by AmazonOr fastest delivery Sun, Nov 20|",B09HHBQKW5,https://m.media-amazon.com/images/I/61fdWp44IgL._AC_UL320_.jpg
1146,https://www.amazon.com/CeraVe-Salicylic-Ounce-Fragrance-Exfoliate/dp/B077TWXCQV/ref=sr_1_30?crid=3JC7V02ZZX9U4&keywords=body+wash&qid=1668803063&sprefix=body+wash+%2Caps%2C85&sr=8-30,CeraVe Body Wash with Salicylic Acid | Fragrance Free Body Wash to Exfoliate Rough and Bumpy Skin | Allergy Tested | 10 Ounce,10 Fl Oz (Pack of 1),4.6 out of 5 stars,"24,937",$13.99 ,"FREE delivery Fri, Nov 25 on $25 of items shipped by AmazonOr fastest delivery Sun, Nov 20|",B077TWXCQV,https://m.media-amazon.com/images/I/51eJ3Wbi1CL._AC_UL320_.jpg
1147,https://www.amazon.com/Dove-Body-Wash-Pump-Sensitive/dp/B00SK71SAG/ref=sr_1_31?crid=3JC7V02ZZX9U4&keywords=body+wash&qid=1668803063&sprefix=body+wash+%2Caps%2C85&sr=8-31,Dove Hypoallergenic Body Wash To Moisturize Sensitive Skin Body Wash For Sensitive Skin Sulfate And Paraben Free 34oz,34 Fl Oz (Pack of 1),4.8 out of 5 stars,"31,856",,,B00SK71SAG,https://m.media-amazon.com/images/I/61E2X9rHLdL._AC_UL320_.jpg
1148,https://www.amazon.com/Shea-Moisture-Virgin-Coconut-Hydration/dp/B074N42K1D/ref=sr_1_32?crid=3JC7V02ZZX9U4&keywords=body+wash&qid=1668803063&sprefix=body+wash+%2Caps%2C85&sr=8-32,Shea Moisture 100% Virgin Coconut Oil Daily Hydration Body Wash 13 Oz,13 Fl Oz (Pack of 1),4.6 out of 5 stars,908,$8.99 ,"FREE delivery Fri, Nov 25 on $25 of items shipped by Amazon|",B074N42K1D,https://m.media-amazon.com/images/I/71wSgh9lgvL._AC_UL320_.jpg
1149,https://www.amazon.com/sspa/click?ie=UTF8&spc=MTo3NTU3MjAzOTI4MDczNzMwOjE2Njg4MDMwNjM6c3BfbXRmOjIwMDEwNjgyMTA5NjgzMTo6MDo6&url=%2FDial-Body-Spring-Water-Ounce%2Fdp%2FB07FYK23Y4%2Fref%3Dsr_1_33_sspa%3Fcrid%3D3JC7V02ZZX9U4%26keywords%3Dbody%2Bwash%26qid%3D1668803063%26sprefix%3Dbody%2Bwash%2B%252Caps%252C85%26sr%3D8-33-spons%26sp_csd%3Dd2lkZ2V0TmFtZT1zcF9tdGY%26psc%3D1,"Dial Body Wash, Spring Water, 21 fl oz (Pack of 4)",Sponsored,4.7 out of 5 stars,"15,298",$17.51 ,"FREE delivery on $25 shipped by Amazon.|Small Business|Small Business|Small Business|<img alt="""" src=""https://m.media-amazon.com/images/I/111mHoVK0kL._SS200_.png"" height=""50px"" width=""50px""/>  Small Business|<img alt="""" src=""https://m.media-amazon.com/images/I/111mHoVK0kL._SS200_.png"" height=""50px"" width=""50px""/>  Small Business",B07FYK23Y4,https://m.media-amazon.com/images/I/81KA80v3MKL._AC_UL320_.jpg|https://m.media-amazon.com/images/I/111mHoVK0kL._SS200_.png|
1150,https://www.amazon.com/sspa/click?ie=UTF8&spc=MTo3NTU3MjAzOTI4MDczNzMwOjE2Njg4MDMwNjM6c3BfbXRmOjIwMDA4NTc0MDAwMjI5ODo6MDo6&url=%2FDove-Cleanser-Exfoliating-Bodywash-Smoother%2Fdp%2FB08373LRQ2%2Fref%3Dsr_1_34_sspa%3Fcrid%3D3JC7V02ZZX9U4%26keywords%3Dbody%2Bwash%26qid%3D1668803063%26sprefix%3Dbody%2Bwash%2B%252Caps%252C85%26sr%3D8-34-spons%26sp_csd%3Dd2lkZ2V0TmFtZT1zcF9tdGY%26psc%3D1,Dove Body Wash Instantly Reveals Visibly Smoother Skin Gentle Exfoliating Effectively Washes Away Bacteria While Nourishing Your Skin 22oz 4 Count,Sponsored,4.8 out of 5 stars,"2,426",$17.92 ,"FREE delivery Fri, Nov 25 on $25 of items shipped by AmazonOr fastest delivery Mon, Nov 21|",B08373LRQ2,https://m.media-amazon.com/images/I/71+Z787Z3NL._AC_UL320_.jpg
1151,https://www.amazon.com/sspa/click?ie=UTF8&spc=MTo3NTU3MjAzOTI4MDczNzMwOjE2Njg4MDMwNjM6c3BfbXRmOjIwMDAyMzEzMjM2MDU1MTo6MDo6&url=%2FMethod-Energy-Boost-Ounce-Count%2Fdp%2FB078XXPH3S%2Fref%3Dsr_1_35_sspa%3Fcrid%3D3JC7V02ZZX9U4%26keywords%3Dbody%2Bwash%26qid%3D1668803063%26sprefix%3Dbody%2Bwash%2B%252Caps%252C85%26sr%3D8-35-spons%26sp_csd%3Dd2lkZ2V0TmFtZT1zcF9tdGY%26psc%3D1,"Method Body Wash, Energy Boost, 18 oz, 6 pack, Packaging May Vary",Sponsored,4.8 out of 5 stars,294,$47.94 ,"FREE delivery Fri, Nov 25 Or fastest delivery Sun, Nov 20|",B078XXPH3S,https://m.media-amazon.com/images/I/61gQyuLDhiL._AC_UL320_.jpg
1152,https://www.amazon.com/sspa/click?ie=UTF8&spc=MTo3NTU3MjAzOTI4MDczNzMwOjE2Njg4MDMwNjM6c3BfbXRmOjIwMDA3NTMzNjQxOTY5ODo6MDo6&url=%2FOlay-Ultra-Moisture-Body-Avocado%2Fdp%2FB07ZPD63F6%2Fref%3Dsr_1_36_sspa%3Fcrid%3D3JC7V02ZZX9U4%26keywords%3Dbody%2Bwash%26qid%3D1668803063%26sprefix%3Dbody%2Bwash%2B%252Caps%252C85%26sr%3D8-36-spons%26sp_csd%3Dd2lkZ2V0TmFtZT1zcF9tdGY%26psc%3D1,"Olay Ultra Moisture Body Wash with B3 and Avocado Oil, 22 Fl Oz  (Pack of 4)",Sponsored,4.8 out of 5 stars,"3,532",$27.96 ,"FREE delivery Fri, Nov 25 Or fastest delivery Mon, Nov 21|",B07ZPD63F6,https://m.media-amazon.com/images/I/71Jl1-GU4VL._AC_UL320_.jpg
1153,https://www.amazon.com/Suave-Essentials-Body-Ocean-Breeze/dp/B003ZYKUYY/ref=sr_1_37?crid=3JC7V02ZZX9U4&keywords=body+wash&qid=1668803063&sprefix=body+wash+%2Caps%2C85&sr=8-37,"Suave Essentials Body Wash For Hydrated, Smooth Skin Ocean Breeze with Sea Algae Extract and Vitamin E 15 oz, Pack of 6",15 Fl Oz (Pack of 6),4.7 out of 5 stars,"9,377",$11.28 ,FREE delivery on $25 shipped by Amazon.,B003ZYKUYY,https://m.media-amazon.com/images/I/81c0t+BfAXL._AC_UL320_.jpg
1154,https://www.amazon.com/CETAPHIL-Moisturizing-Sensitive-Hypoallergenic-Fragrance/dp/B09MVB4BM9/ref=sr_1_38?crid=3JC7V02ZZX9U4&keywords=body+wash&qid=1668803063&sprefix=body+wash+%2Caps%2C85&sr=8-38,"Body Wash by CETAPHIL, NEW Moisturizing Relief Body Wash for Sensitive Skin, Creamy Rich Formula Gently Cleanses and Gives 24 Hr Relief to Dry Skin,Hypoallergenic, Fragrance Free, 20 oz",20 Fl Oz (Pack of 1),4.6 out of 5 stars,845,$9.97 ,"FREE delivery Fri, Nov 25 on $25 of items shipped by AmazonOr fastest delivery Sun, Nov 20|",B09MVB4BM9,https://m.media-amazon.com/images/I/614slTqojTL._AC_UL320_.jpg
1155,https://www.amazon.com/Suave-Naturals-Creamy-Honey-Splash/dp/B004DBVPXS/ref=sr_1_39?crid=3JC7V02ZZX9U4&keywords=body+wash&qid=1668803063&sprefix=body+wash+%2Caps%2C85&sr=8-39,"Suave Essentials Body Wash For Moisturized & Pampered Skin, Milk and Honey with Vitamin E 15 oz, Pack of 6",15 Fl Oz (Pack of 6),4.8 out of 5 stars,946,$11.28 ,FREE delivery on $25 shipped by Amazon.,B004DBVPXS,https://m.media-amazon.com/images/I/8101HN6moGL._AC_UL320_.jpg
1156,https://www.amazon.com/Mrs-Meyer%C2%B4s-Clean-Day-Lavender/dp/B01MRR6Y9H/ref=sr_1_40?crid=3JC7V02ZZX9U4&keywords=body+wash&qid=1668803063&sprefix=body+wash+%2Caps%2C85&sr=8-40,"Mrs. Meyer's Moisturizing Body Wash for Women and Men, Biodegradable Shower Gel Formula Made with Essential Oils, Lavender, 16 oz",16 Fl Oz (Pack of 1),4.6 out of 5 stars,"9,483",$8.99 ,"FREE delivery Fri, Nov 25 on $25 of items shipped by AmazonOr fastest delivery Sun, Nov 20|",B01MRR6Y9H,https://m.media-amazon.com/images/I/71wKJ6jtk6L._AC_UL320_.jpg
1157,https://www.amazon.com/Dove-Nourishing-Pampering-Refreshing-Invigorating/dp/B09KM8CXP6/ref=sr_1_41?crid=3JC7V02ZZX9U4&keywords=body+wash&qid=1668803063&sprefix=body+wash+%2Caps%2C85&sr=8-41,"Dove Body Wash Variety Deeply Nourishing, Pampering Shea, Refreshing Cucumber,Purely Pampering Coconut Jasmine, Invigorating, Glowing Ritual, 25.3 Ounce, Pack of 6",25.3 Ounce (Pack of 6),4.8 out of 5 stars,796,$32.90 ,"FREE delivery Fri, Nov 25 Or fastest delivery Sun, Nov 20|",B09KM8CXP6,https://m.media-amazon.com/images/I/718NH+uwTgL._AC_UL320_.jpg
1158,https://www.amazon.com/Dove-Hypoallergenic-Sensitive-Effectively-Nourishing/dp/B08LFGWC3R/ref=sr_1_42?crid=3JC7V02ZZX9U4&keywords=body+wash&qid=1668803063&sprefix=body+wash+%2Caps%2C85&sr=8-42,"Dove Body Wash Hypoallergenic and Sulfate Free Body Wash Sensitive Skin Effectively Washes Away Bacteria While Nourishing Your Skin, 34 Fl Oz (Pack of 3)",34 Fl Oz (Pack of 3),4.8 out of 5 stars,"11,867",$31.17 ,"FREE delivery Fri, Nov 25 Or fastest delivery Tue, Nov 22|",B08LFGWC3R,https://m.media-amazon.com/images/I/71s1SBK2qKL._AC_UL320_.jpg
1159,https://www.amazon.com/Gentle-Hydrating-Supremely-Paraben-Cruelty/dp/B07P7XBQCT/ref=sr_1_43?crid=3JC7V02ZZX9U4&keywords=body+wash&qid=1668803063&sprefix=body+wash+%2Caps%2C85&sr=8-43,"Bliss Lemon & Sage Soapy Suds Body Wash | Gentle & Hydrating for Supremely Soft Skin | Paraben Free, Cruelty Free (32 Oz)",32 Fl Oz (Pack of 1),4.7 out of 5 stars,"1,815",$17.99 ,"FREE delivery Fri, Nov 25 on $25 of items shipped by AmazonOr fastest delivery Sun, Nov 20||Small Business|Small Business|Small Business|<img alt="""" src=""https://m.media-amazon.com/images/I/111mHoVK0kL._SS200_.png"" height=""50px"" width=""50px""/>  Small Business|<img alt="""" src=""https://m.media-amazon.com/images/I/111mHoVK0kL._SS200_.png"" height=""50px"" width=""50px""/>  Small Business",B07P7XBQCT,https://m.media-amazon.com/images/I/51KUc2fI0pL._AC_UL320_.jpg|https://m.media-amazon.com/images/I/111mHoVK0kL._SS200_.png|
1160,https://www.amazon.com/Harrys-Count-Redwood-Shiso-Variety/dp/B08DJXH77Z/ref=sr_1_44?crid=3JC7V02ZZX9U4&keywords=body+wash&qid=1668803063&sprefix=body+wash+%2Caps%2C85&sr=8-44,"Harry's Men's Body Wash - Body Wash for Men - Variety Pack - 16 Fl oz , Pack of 4 (Packaging May Vary)",($0.47/Fl Oz),4.7 out of 5 stars,"6,056",$29.99 ,"FREE delivery Fri, Nov 25 Or fastest delivery Sun, Nov 20|",B08DJXH77Z,https://m.media-amazon.com/images/I/71XlDwhf9HL._AC_UL320_.jpg
1161,https://www.amazon.com/OGX-Moisturizing-Exfoliating-Formulated-Combination/dp/B07CTSS14R/ref=sr_1_45?crid=3JC7V02ZZX9U4&keywords=body+wash&qid=1668803063&sprefix=body+wash+%2Caps%2C85&sr=8-45,"OGX Coffee Scrub and Wash, Coconut 19.5 Fl Oz",19.5 Fl Oz (Pack of 1),4.7 out of 5 stars,"44,126",$5.97 ,"FREE delivery Fri, Nov 25 on $25 of items shipped by AmazonOr fastest delivery Sun, Nov 20|",B07CTSS14R,https://m.media-amazon.com/images/I/81MDpzSUb3L._AC_UL320_.jpg
1162,https://www.amazon.com/Aveeno-Daily-Moisturizing-Body-Wash/dp/B000ODNSR0/ref=sr_1_46?crid=3JC7V02ZZX9U4&keywords=body+wash&qid=1668803063&sprefix=body+wash+%2Caps%2C85&sr=8-46,"Aveeno Daily Moisturizing Body Wash for Dry & Sensitive Skin, Hydrating Oat Body Wash Nourishes Dry Skin With Moisture, Soothing Prebiotic Oat & Rich Emollients, Light Fragrance, 18 fl. oz",18 Fl Oz (Pack of 1),4.8 out of 5 stars,"28,228",$8.29 ,"FREE delivery Fri, Nov 25 on $25 of items shipped by AmazonOr fastest delivery Sun, Nov 20|",B000ODNSR0,https://m.media-amazon.com/images/I/61xlly1MQBL._AC_UL320_.jpg
1163,https://www.amazon.com/BOTANIC-Athletes-Ringworms-Promotes-Naturally/dp/B07RHWJW98/ref=sr_1_47?crid=3JC7V02ZZX9U4&keywords=body+wash&qid=1668803063&sprefix=body+wash+%2Caps%2C85&sr=8-47,"BOTANIC HEARTH Tea Tree Body Wash, Helps Nail , Athletes Foot, Ringworms, Jock Itch, Acne, Eczema & Body Odor, Soothes Itching & Promotes Healthy Skin and Feet, Naturally Scented, 16fl oz 2 Pack",16 Fl Oz (Pack of 2),4.4 out of 5 stars,"24,085",$27.44 ,"FREE delivery Fri, Nov 25 Or fastest delivery Sun, Nov 20||Small Business|Small Business|Small Business|<img alt="""" src=""https://m.media-amazon.com/images/I/111mHoVK0kL._SS200_.png"" height=""50px"" width=""50px""/>  Small Business|<img alt="""" src=""https://m.media-amazon.com/images/I/111mHoVK0kL._SS200_.png"" height=""50px"" width=""50px""/>  Small Business",B07RHWJW98,https://m.media-amazon.com/images/I/71pM+ndRKIL._AC_UL320_.jpg|https://m.media-amazon.com/images/I/111mHoVK0kL._SS200_.png|
1164,https://www.amazon.com/Jason-Revitalizing-Citrus-Pure-Natural/dp/B000Q43TQ2/ref=sr_1_48?crid=3JC7V02ZZX9U4&keywords=body+wash&qid=1668803063&sprefix=body+wash+%2Caps%2C85&sr=8-48,"JASON Natural Body Wash & Shower Gel, Revitalizing Citrus, 30 Oz",30 Fl Oz (Pack of 1),4.5 out of 5 stars,"18,893",$11.99 ,"FREE delivery Fri, Nov 25 on $25 of items shipped by AmazonOr fastest delivery Sun, Nov 20|",B000Q43TQ2,https://m.media-amazon.com/images/I/61xsOP8x3+L._AC_UL320_.jpg
1165,https://www.amazon.com/Play-Moisturizing-Shower-Cream-385mL/dp/B09W19HY5B/ref=sr_1_49?crid=3JC7V02ZZX9U4&keywords=body+wash&qid=1668803063&sprefix=body+wash+%2Caps%2C85&sr=8-49,4 Play Moisturizing Shower Cream Gel Body Wash 385mL,13 Fl Oz (Pack of 1),4.8 out of 5 stars,172,$26.00 ,"FREE delivery Fri, Nov 25 Or fastest delivery Sun, Nov 20||Small Business|Small Business|Small Business|<img alt="""" src=""https://m.media-amazon.com/images/I/111mHoVK0kL._SS200_.png"" height=""50px"" width=""50px""/>  Small Business|<img alt="""" src=""https://m.media-amazon.com/images/I/111mHoVK0kL._SS200_.png"" height=""50px"" width=""50px""/>  Small Business",B09W19HY5B,https://m.media-amazon.com/images/I/71HS8PIeDGL._AC_UL320_.jpg|https://m.media-amazon.com/images/I/111mHoVK0kL._SS200_.png|
1166,https://www.amazon.com/NIVEA-Men-Cool-Body-Wash/dp/B00127S53E/ref=sr_1_50?crid=3JC7V02ZZX9U4&keywords=body+wash&qid=1668803063&sprefix=body+wash+%2Caps%2C85&sr=8-50,"NIVEA MEN Cool Body Wash with Icy Menthol, 3 Pack of 16.9 Fl Oz Bottles",16.9 Fl Oz (Pack of 3),4.6 out of 5 stars,"9,183",$11.91 ,"FREE delivery Fri, Nov 25 on $25 of items shipped by AmazonOr fastest delivery Tue, Nov 22|",B00127S53E,https://m.media-amazon.com/images/I/71vlEPa79kS._AC_UL320_.jpg
1167,https://www.amazon.com/NIVEA-Pampering-Coconut-Almond-Milk/dp/B082QBPDJC/ref=sr_1_51?crid=3JC7V02ZZX9U4&keywords=body+wash&qid=1668803063&sprefix=body+wash+%2Caps%2C85&sr=8-51,"NIVEA Coconut and Almond Milk Body Wash with Nourishing Serum, 20 Fl Oz Bottle",20 Fl Oz (Pack of 1),4.6 out of 5 stars,"6,045",$4.99 ,"FREE delivery Tue, Nov 29 on $25 of items shipped by AmazonOr fastest delivery Wed, Nov 23|",B082QBPDJC,https://m.media-amazon.com/images/I/71O2Vb78FpL._AC_UL320_.jpg
1168,https://www.amazon.com/Dove-Relaxing-Smoother-Lavender-Relieving/dp/B0846G9G94/ref=sr_1_52?crid=3JC7V02ZZX9U4&keywords=body+wash&qid=1668803063&sprefix=body+wash+%2Caps%2C85&sr=8-52,"Dove Body Wash for Softer and Smoother Skin After Just One Use Lavender Oil and Chamomile Stress Relieving and Calming, 22 Fl Oz (Pack of 4)",22 Fl Oz (Pack of 4),4.7 out of 5 stars,"3,335",$27.88 ,"FREE delivery Fri, Nov 25 Or fastest delivery Sun, Nov 20|",B0846G9G94,https://m.media-amazon.com/images/I/818cYPzgS2L._AC_UL320_.jpg
1169,https://www.amazon.com/Natural-Coconut-Milk-Body-Wash/dp/B0BJ88MZ5V/ref=sr_1_53?crid=3JC7V02ZZX9U4&keywords=body+wash&qid=1668803063&sprefix=body+wash+%2Caps%2C85&sr=8-53,"Natural Coconut Milk Body Wash - Fights Body Odor, Athlete’s Foot, Jock Itch, Nail Issues, Dandruff, Acne, Eczema, Shower Gel for Women & Men, Skin Cleanser & Moisturizer -16 fl oz",($1.12/Fl Oz),4.5 out of 5 stars,13,$17.98 ,"FREE delivery Fri, Nov 25 on $25 of items shipped by AmazonOr fastest delivery Sun, Nov 20|",B0BJ88MZ5V,https://m.media-amazon.com/images/I/61K73GVJRaL._AC_UL320_.jpg
1170,https://www.amazon.com/Antifungal-Tea-Tree-Body-Wash/dp/B06XN6CZ4P/ref=sr_1_54?crid=3JC7V02ZZX9U4&keywords=body+wash&qid=1668803063&sprefix=body+wash+%2Caps%2C85&sr=8-54,"New York Biology Tea Tree Body Wash - Helps Soothe Itchy Skin, Jock Itch, Athletes Foot, Toenail Fungus, Eczema, Acne, Body Odor and Ringworm - Moisturizing Body Wash for Men & Women – 16 Fl oz",16 Fl Oz (Pack of 1),4.5 out of 5 stars,"11,038",$16.95 ,"FREE delivery Fri, Nov 25 on $25 of items shipped by AmazonOr fastest delivery Sun, Nov 20|",B06XN6CZ4P,https://m.media-amazon.com/images/I/71-MyfHPCqL._AC_UL320_.jpg
1171,https://www.amazon.com/NIVEA-Men-Sensitive-Body-Wash/dp/B00127O510/ref=sr_1_55?crid=3JC7V02ZZX9U4&keywords=body+wash&qid=1668803063&sprefix=body+wash+%2Caps%2C85&sr=8-55,"NIVEA MEN Sensitive Body Wash with Bamboo Extract, 3 Pack of 16.9 Fl Oz Bottles",16.9 Fl Oz (Pack of 3),4.7 out of 5 stars,"7,207",$15.87 ,"FREE delivery Fri, Nov 25 on $25 of items shipped by AmazonOr fastest delivery Sun, Nov 20||Climate Pledge Friendly|Climate Pledge Friendly|Climate Pledge Friendly|<img alt="""" src=""https://m.media-amazon.com/images/I/216-OX9rBaL._SS200_.png"" height=""50px"" width=""50px""/>  Climate Pledge Friendly|<img alt="""" src=""https://m.media-amazon.com/images/I/216-OX9rBaL._SS200_.png"" height=""50px"" width=""50px""/>  Climate Pledge Friendly|<img alt="""" src=""https://m.media-amazon.com/images/I/41Y2L-DZWfL._SS200_.png"" height=""50px"" width=""50px""/> Compact by Design (Certified by Amazon)",B00127O510,https://m.media-amazon.com/images/I/71MDM6xvR5S._AC_UL320_.jpg|https://m.media-amazon.com/images/I/216-OX9rBaL._SS200_.png||
1172,https://www.amazon.com/Softsoap-Luminous-Moisturizing-Macadamia-Peony/dp/B082VKS7HY/ref=sr_1_56?crid=3JC7V02ZZX9U4&keywords=body+wash&qid=1668803063&rdc=1&sprefix=body+wash+%2Caps%2C85&sr=8-56,"Softsoap Body Wash, Macadamia Oil & Soft Peony Scent Body Wash, 20 Ounce, 4 Pack",20 Fl Oz (Pack of 4),4.8 out of 5 stars,"5,165",$19.88 ,"FREE delivery Fri, Nov 25 on $25 of items shipped by AmazonOr fastest delivery Sun, Nov 20|",B082VKS7HY,https://m.media-amazon.com/images/I/81Dsoi8XvpL._AC_UL320_.jpg
1173,https://www.amazon.com/Saltair-Body-Wash-Santal-Bloom/dp/B09V1WFGFX/ref=sr_1_57?crid=3JC7V02ZZX9U4&keywords=body+wash&qid=1668803063&sprefix=body+wash+%2Caps%2C85&sr=8-57,Saltair Body Wash (Santal Bloom),17 Fl Oz (Pack of 1),4.3 out of 5 stars,467,$12.00 ,"FREE delivery Nov 23 - 29 Or fastest delivery Nov 22 - 23|Small Business|Small Business|Small Business|<img alt="""" src=""https://m.media-amazon.com/images/I/111mHoVK0kL._SS200_.png"" height=""50px"" width=""50px""/>  Small Business|<img alt="""" src=""https://m.media-amazon.com/images/I/111mHoVK0kL._SS200_.png"" height=""50px"" width=""50px""/>  Small Business",B09V1WFGFX,https://m.media-amazon.com/images/I/61XvpivYmVL._AC_UL320_.jpg|https://m.media-amazon.com/images/I/111mHoVK0kL._SS200_.png|
1174,https://www.amazon.com/NIVEA-Nourishing-Botanical-Blossom-Body/dp/B082QBYY9V/ref=sr_1_58?crid=3JC7V02ZZX9U4&keywords=body+wash&qid=1668803063&sprefix=body+wash+%2Caps%2C85&sr=8-58,"NIVEA Nourishing Botanical Blossom Body Wash, 20 Fl Oz",20 Fl Oz (Pack of 1),4.5 out of 5 stars,"13,708",,,B082QBYY9V,https://m.media-amazon.com/images/I/71KgnvQZDhL._AC_UL320_.jpg
1175,https://www.amazon.com/Olay-Hyaluronic-Vitamin-Cleansing-Nourishing/dp/B081R3C6L6/ref=sr_1_59?crid=3JC7V02ZZX9U4&keywords=body+wash&qid=1668803063&sprefix=body+wash+%2Caps%2C85&sr=8-59,"Olay Body Wash with Hyaluronic Acid and Vitamin B3, Cleansing & Nourishing, 17.9 Fl Oz (Pack of 4)",17.9 Fl Oz (Pack of 4),4.8 out of 5 stars,"3,744",$31.88 ,"FREE delivery Fri, Nov 25 Or fastest delivery Sun, Nov 20|",B081R3C6L6,https://m.media-amazon.com/images/I/71F2d-dyqGL._AC_UL320_.jpg
1176,https://www.amazon.com/Ginger-Lily-Farms-Fitness-Nourishing/dp/B00DQR4S5C/ref=sr_1_60?crid=3JC7V02ZZX9U4&keywords=body+wash&qid=1668803063&sprefix=body+wash+%2Caps%2C85&sr=8-60,"Ginger Lily Farms Club & Fitness Nourishing Body Wash, 100% Vegan & Cruelty-Free, Bath & Shower Gel for Men and Women, Ocean Breeze Scent, 1 Gallon (128 fl. oz.) Refill",128 Fl Oz (Pack of 1),4.4 out of 5 stars,491,$19.99 ,"FREE delivery Tue, Nov 29 on $25 of items shipped by AmazonOr fastest delivery Fri, Nov 25|",B00DQR4S5C,https://m.media-amazon.com/images/I/51THQ7a28oS._AC_UL320_.jpg
1177,https://www.amazon.com/sspa/click?ie=UTF8&spc=MTozOTI4MjIzNTA1OTcxNTMzOjE2Njg4MDMwNjM6c3Bfc2VhcmNoX3RoZW1hdGljX2J0ZjoyMDAwOTU3MDAyMTQ2OTg6OjA6Og&url=%2FBOTANIC-HEARTH-Tree-Body-Wash%2Fdp%2FB081DG1W29%2Fref%3Dsxbs_pa_sp_search_thematic_btf_sspa%3Fcontent-id%3Damzn1.sym.58cc9a81-ce69-447f-ae9a-f946e256a203%253Aamzn1.sym.58cc9a81-ce69-447f-ae9a-f946e256a203%26crid%3D3JC7V02ZZX9U4%26cv_ct_cx%3Dbody%2Bwash%26keywords%3Dbody%2Bwash%26pd_rd_i%3DB081DG1W29%26pd_rd_r%3D7ae14fd1-b3ac-42a3-bdbc-24b058d8e7a2%26pd_rd_w%3DQJz7X%26pd_rd_wg%3DFuaUj%26pf_rd_p%3D58cc9a81-ce69-447f-ae9a-f946e256a203%26pf_rd_r%3DV2XW6WDDDBP4NM8R9M6X%26qid%3D1668803063%26sprefix%3Dbody%2Bwash%2B%252Caps%252C85%26sr%3D1-1-5434e42d-8be2-4d7d-bf67-67dd4fa72054-spons%26sp_csd%3Dd2lkZ2V0TmFtZT1zcF9zZWFyY2hfdGhlbWF0aWNfYnRm%26psc%3D1,"BOTANIC HEARTH Tea Tree Oil Body Wash with Mint - Paraben Free, Helps Fight Body Odor, Athlete's Foot, Jock Itch, Skin Irritations - Shower Gel Soap - Women & Men - (Packaging May Vary) 16 fl oz",Sponsored,4.3 out of 5 stars|5.0 out of 5 stars|5.0 out of 5 stars|4.8 out of 5 stars,"9,557|1|9|268",$19.93 ,"Small Business|Small Business|Small Business|<img alt="""" src=""https://m.media-amazon.com/images/I/111mHoVK0kL._SS200_.png"" height=""50px"" width=""50px""/>  Small Business|<img alt="""" src=""https://m.media-amazon.com/images/I/111mHoVK0kL._SS200_.png"" height=""50px"" width=""50px""/>  Small Business",,https://m.media-amazon.com/images/I/612exelZsvL._AC_UL320_.jpg|https://m.media-amazon.com/images/I/111mHoVK0kL._SS200_.png||https://m.media-amazon.com/images/I/51N9IUI4QGL._AC_UL320_.jpg|https://m.media-amazon.com/images/I/51HtmZUjFOL._AC_UL320_.jpg|https://m.media-amazon.com/images/I/51HtmZUjFOL._AC_UL320_.jpg
1178,https://www.amazon.com/sspa/click?ie=UTF8&spc=MTozOTI4MjIzNTA1OTcxNTMzOjE2Njg4MDMwNjM6c3Bfc2VhcmNoX3RoZW1hdGljX2J0ZjoyMDAwOTU3MDAyMTQ2OTg6OjA6Og&url=%2FBOTANIC-HEARTH-Tree-Body-Wash%2Fdp%2FB081DG1W29%2Fref%3Dsxbs_pa_sp_search_thematic_btf_sspa%3Fcontent-id%3Damzn1.sym.58cc9a81-ce69-447f-ae9a-f946e256a203%253Aamzn1.sym.58cc9a81-ce69-447f-ae9a-f946e256a203%26crid%3D3JC7V02ZZX9U4%26cv_ct_cx%3Dbody%2Bwash%26keywords%3Dbody%2Bwash%26pd_rd_i%3DB081DG1W29%26pd_rd_r%3D7ae14fd1-b3ac-42a3-bdbc-24b058d8e7a2%26pd_rd_w%3DQJz7X%26pd_rd_wg%3DFuaUj%26pf_rd_p%3D58cc9a81-ce69-447f-ae9a-f946e256a203%26pf_rd_r%3DV2XW6WDDDBP4NM8R9M6X%26qid%3D1668803063%26sprefix%3Dbody%2Bwash%2B%252Caps%252C85%26sr%3D1-1-5434e42d-8be2-4d7d-bf67-67dd4fa72054-spons%26sp_csd%3Dd2lkZ2V0TmFtZT1zcF9zZWFyY2hfdGhlbWF0aWNfYnRm%26psc%3D1,"BOTANIC HEARTH Tea Tree Oil Body Wash with Mint - Paraben Free, Helps Fight Body Odor, Athlete's Foot, Jock Itch, Skin Irritations - Shower Gel Soap - Women & Men - (Packaging May Vary) 16 fl oz",Sponsored,4.3 out of 5 stars,"9,557",$19.93 ,"Small Business|Small Business|Small Business|<img alt="""" src=""https://m.media-amazon.com/images/I/111mHoVK0kL._SS200_.png"" height=""50px"" width=""50px""/>  Small Business|<img alt="""" src=""https://m.media-amazon.com/images/I/111mHoVK0kL._SS200_.png"" height=""50px"" width=""50px""/>  Small Business",B081DG1W29,https://m.media-amazon.com/images/I/612exelZsvL._AC_UL320_.jpg|https://m.media-amazon.com/images/I/111mHoVK0kL._SS200_.png|
1179,https://www.amazon.com/sspa/click?ie=UTF8&spc=MTozOTI4MjIzNTA1OTcxNTMzOjE2Njg4MDMwNjM6c3Bfc2VhcmNoX3RoZW1hdGljX2J0Zjo6OjE6QjBCQ0hLRlpDTDpzZWFyY2g&url=%2F100-PURE-Coconut-Natural-Hydrating%2Fdp%2FB0BCHKFZCL%2Fref%3Dsxbs_pa_sp_search_thematic_btf_sspa%3Fcontent-id%3Damzn1.sym.58cc9a81-ce69-447f-ae9a-f946e256a203%253Aamzn1.sym.58cc9a81-ce69-447f-ae9a-f946e256a203%26crid%3D3JC7V02ZZX9U4%26cv_ct_cx%3Dbody%2Bwash%26keywords%3Dbody%2Bwash%26pd_rd_i%3DB0BCHKFZCL%26pd_rd_r%3D7ae14fd1-b3ac-42a3-bdbc-24b058d8e7a2%26pd_rd_w%3DQJz7X%26pd_rd_wg%3DFuaUj%26pf_rd_p%3D58cc9a81-ce69-447f-ae9a-f946e256a203%26pf_rd_r%3DV2XW6WDDDBP4NM8R9M6X%26qid%3D1668803063%26sprefix%3Dbody%2Bwash%2B%252Caps%252C85%26sr%3D1-2-5434e42d-8be2-4d7d-bf67-67dd4fa72054-spons%26sp_csd%3Dd2lkZ2V0TmFtZT1zcF9zZWFyY2hfdGhlbWF0aWNfYnRm%26psc%3D1,"100% PURE Coconut Lime Shower Gel Natural Foaming & Hydrating Body Wash - Deeply Moisturizing Gentle Soap Cleanser for All Skin Types, Even Sensitive - Gluten-Free - 16 Fl Oz",($1.56/Fl Oz),5.0 out of 5 stars,1,$25.00 ,,B0BCHKFZCL,https://m.media-amazon.com/images/I/51N9IUI4QGL._AC_UL320_.jpg
1180,https://www.amazon.com/sspa/click?ie=UTF8&spc=MTozOTI4MjIzNTA1OTcxNTMzOjE2Njg4MDMwNjM6c3Bfc2VhcmNoX3RoZW1hdGljX2J0Zjo6OjI6QjA5QzFaMU5YMTpzZWFyY2g&url=%2FBath-Body-Works-Collection-Graphite%2Fdp%2FB09C1Z1NX1%2Fref%3Dsxbs_pa_sp_search_thematic_btf_sspa%3Fcontent-id%3Damzn1.sym.58cc9a81-ce69-447f-ae9a-f946e256a203%253Aamzn1.sym.58cc9a81-ce69-447f-ae9a-f946e256a203%26crid%3D3JC7V02ZZX9U4%26cv_ct_cx%3Dbody%2Bwash%26keywords%3Dbody%2Bwash%26pd_rd_i%3DB09C1Z1NX1%26pd_rd_r%3D7ae14fd1-b3ac-42a3-bdbc-24b058d8e7a2%26pd_rd_w%3DQJz7X%26pd_rd_wg%3DFuaUj%26pf_rd_p%3D58cc9a81-ce69-447f-ae9a-f946e256a203%26pf_rd_r%3DV2XW6WDDDBP4NM8R9M6X%26qid%3D1668803063%26sprefix%3Dbody%2Bwash%2B%252Caps%252C85%26sr%3D1-3-5434e42d-8be2-4d7d-bf67-67dd4fa72054-spons%26sp_csd%3Dd2lkZ2V0TmFtZT1zcF9zZWFyY2hfdGhlbWF0aWNfYnRm%26psc%3D1,Bath and Body Works Men's Collection Graphite 3-in-1 Hair Face and Body Wash 10 Fluid Ounce - SET OF 2,($12.49/Count),5.0 out of 5 stars,9,$24.98 ,,B09C1Z1NX1,https://m.media-amazon.com/images/I/51HtmZUjFOL._AC_UL320_.jpg
1181,https://www.amazon.com/sspa/click?ie=UTF8&spc=MTozOTI4MjIzNTA1OTcxNTMzOjE2Njg4MDMwNjM6c3Bfc2VhcmNoX3RoZW1hdGljX2J0Zjo6OjM6QjA4SkszRjNQMjpzZWFyY2g&url=%2FBath-Body-Works-Collection-Graphite%2Fdp%2FB08JK3F3P2%2Fref%3Dsxbs_pa_sp_search_thematic_btf_sspa%3Fcontent-id%3Damzn1.sym.58cc9a81-ce69-447f-ae9a-f946e256a203%253Aamzn1.sym.58cc9a81-ce69-447f-ae9a-f946e256a203%26crid%3D3JC7V02ZZX9U4%26cv_ct_cx%3Dbody%2Bwash%26keywords%3Dbody%2Bwash%26pd_rd_i%3DB08JK3F3P2%26pd_rd_r%3D7ae14fd1-b3ac-42a3-bdbc-24b058d8e7a2%26pd_rd_w%3DQJz7X%26pd_rd_wg%3DFuaUj%26pf_rd_p%3D58cc9a81-ce69-447f-ae9a-f946e256a203%26pf_rd_r%3DV2XW6WDDDBP4NM8R9M6X%26qid%3D1668803063%26sprefix%3Dbody%2Bwash%2B%252Caps%252C85%26sr%3D1-4-5434e42d-8be2-4d7d-bf67-67dd4fa72054-spons%26sp_csd%3Dd2lkZ2V0TmFtZT1zcF9zZWFyY2hfdGhlbWF0aWNfYnRm%26psc%3D1,Bath and Body Works Men's Collection Graphite 3-in-1 Hair Face and Body Wash 10 Fluid Ounce,10 Fl Oz (Pack of 1),4.8 out of 5 stars,268,$14.40 ,,B08JK3F3P2,https://m.media-amazon.com/images/I/51HtmZUjFOL._AC_UL320_.jpg
1184,https://www.amazon.com/sspa/click?ie=UTF8&spc=MTo3ODU2MzAyNTU3Njc1MDEyOjE2Njg3OTEyNDA6c3BfYXRmOjIwMDAxMzg2Mjg1MDA2MTo6MDo6&url=%2FHanskin-Cleansing-Blackhead-Moisturizer-Sensitive%2Fdp%2FB07GYM1DPM%2Fref%3Dsr_1_1_sspa%3Fcrid%3D9OPE821VK8IO%26keywords%3Dfacewash%2Bfor%2Boily%2Bskin%26qid%3D1668791240%26sprefix%3Dfacewash%2Bfor%2Boily%2Bskin%252Caps%252C158%26sr%3D8-1-spons%26sp_csd%3Dd2lkZ2V0TmFtZT1zcF9hdGY%26psc%3D1%26smid%3DA125JJ2WP4DNN,"Hanskin Pore Cleansing Oil, Gentle Blackhead Cleanser and Makeup Remover for Sensitive Skin [PHA] (10.14 oz)",Sponsored,4.6 out of 5 stars,433,$27.00,"One-DayFREE delivery Tomorrow, Nov 19|One-Day",B07GYM1DPM,https://m.media-amazon.com/images/I/61T5eqMDrnL._AC_UL320_.jpg
1185,https://www.amazon.com/sspa/click?ie=UTF8&spc=MTo3ODU2MzAyNTU3Njc1MDEyOjE2Njg3OTEyNDA6c3BfYXRmOjIwMDAxMzg2Mjg0OTk2MTo6MDo6&url=%2FHanskin-Cleansing-Blackhead-Cleanser-Combination%2Fdp%2FB07PT37RW1%2Fref%3Dsr_1_2_sspa%3Fcrid%3D9OPE821VK8IO%26keywords%3Dfacewash%2Bfor%2Boily%2Bskin%26qid%3D1668791240%26sprefix%3Dfacewash%2Bfor%2Boily%2Bskin%252Caps%252C158%26sr%3D8-2-spons%26sp_csd%3Dd2lkZ2V0TmFtZT1zcF9hdGY%26psc%3D1,"Hanskin Pore Cleansing Oil, Gentle Blackhead Cleanser and Makeup Remover for Combination and Oily Skin [BHA/10.14 oz]",Sponsored,4.4 out of 5 stars,525,$27.00,"One-DayFREE delivery Tomorrow, Nov 19|One-Day",B07PT37RW1,https://m.media-amazon.com/images/I/61QIxbz5lWL._AC_UL320_.jpg
1186,https://www.amazon.com/sspa/click?ie=UTF8&spc=MTo3ODU2MzAyNTU3Njc1MDEyOjE2Njg3OTEyNDA6c3BfYXRmOjIwMDAzNzg2NjI0OTQ2MTo6MDo6&url=%2FPaulas-Choice-Perfectly-Anti-Aging-Combination%2Fdp%2FB00NGGEZIS%2Fref%3Dsr_1_3_sspa%3Fcrid%3D9OPE821VK8IO%26keywords%3Dfacewash%2Bfor%2Boily%2Bskin%26qid%3D1668791240%26sprefix%3Dfacewash%2Bfor%2Boily%2Bskin%252Caps%252C158%26sr%3D8-3-spons%26sp_csd%3Dd2lkZ2V0TmFtZT1zcF9hdGY%26psc%3D1,"Paula's Choice RESIST Perfectly Balanced Foaming Cleanser, Hyaluronic Acid & Aloe, Anti-Aging Face Wash, Large Pores & Oily Skin, 6.4 Ounce",Sponsored,4.5 out of 5 stars,"2,472",$22.00,Same-DayFREE delivery Today 2 PM - 6 PM on $35 of qualifying items|Same-Day,B00NGGEZIS,https://m.media-amazon.com/images/I/61QqqS-rdSL._AC_UL320_.jpg
1187,https://www.amazon.com/sspa/click?ie=UTF8&spc=MTo3ODU2MzAyNTU3Njc1MDEyOjE2Njg3OTEyNDA6c3BfYXRmOjIwMDAzNTYwMDg0NzE5ODo6MDo6&url=%2FDermalogica-Daily-microfoliant-2-6-Fl%2Fdp%2FB071ZBJPH7%2Fref%3Dsr_1_4_sspa%3Fcrid%3D9OPE821VK8IO%26keywords%3Dfacewash%2Bfor%2Boily%2Bskin%26qid%3D1668791240%26sprefix%3Dfacewash%2Bfor%2Boily%2Bskin%252Caps%252C158%26sr%3D8-4-spons%26sp_csd%3Dd2lkZ2V0TmFtZT1zcF9hdGY%26psc%3D1,"Dermalogica Daily Microfoliant - Exfoliator Facial Scrub Powder - Achieve Brighter, Smoother Skin daily with Papaya Enzyme and Salicylic Acid",Sponsored,4.6 out of 5 stars,"6,924",$64.00,Same-DayFREE delivery Today 2 PM - 6 PM|Same-Day,B071ZBJPH7,https://m.media-amazon.com/images/I/41LVnid1FlL._AC_UL320_.jpg
1188,https://www.amazon.com/CeraVe-Foaming-Facial-Cleanser-Washing/dp/B01N1LL62W/ref=sr_1_5?crid=9OPE821VK8IO&keywords=facewash+for+oily+skin&qid=1668791240&rdc=1&sprefix=facewash+for+oily+skin%2Caps%2C158&sr=8-5,"CeraVe Foaming Facial Cleanser | Daily Face Wash for Oily Skin with Hyaluronic Acid, Ceramides, and Niacinamide| Fragrance Free Paraben Free | 16 Fluid Ounce",16 Fl Oz (Pack of 1),4.8 out of 5 stars,"68,703",$15.99,Same-DayFREE delivery Today 2 PM - 6 PM on $35 of qualifying items|Same-Day,B01N1LL62W,https://m.media-amazon.com/images/I/61pyBSQ-WhL._AC_UL320_.jpg
1189,https://www.amazon.com/Roche-Posay-Toleriane-Purifying-Foaming-Cleanser/dp/B01N34XW93/ref=sr_1_6?crid=9OPE821VK8IO&keywords=facewash+for+oily+skin&qid=1668791240&sprefix=facewash+for+oily+skin%2Caps%2C158&sr=8-6,"La Roche-Posay Toleriane Purifying Foaming Facial Cleanser, Oil Free Face Wash for Oily Skin and for Sensitive Skin with Niacinamide, Pore Cleanser Won’t Dry Out Skin, Unscented",13.52 Fl Oz (Pack of 1),4.7 out of 5 stars,"21,347",$15.99,FREE delivery for Prime members,B01N34XW93,https://m.media-amazon.com/images/I/61F9aAdoj7L._AC_UL320_.jpg
1190,https://www.amazon.com/Roche-Posay-Effaclar-Purifying-Cleanser-Sensitive/dp/B003JSEGNC/ref=sr_1_7?crid=9OPE821VK8IO&keywords=facewash+for+oily+skin&qid=1668791240&sprefix=facewash+for+oily+skin%2Caps%2C158&sr=8-7,"La Roche-Posay Effaclar Purifying Foaming Gel Cleanser for Oily Skin, Alcohol Free Acne Face Wash, Oil Absorbing Deep Pore Cleanser, Oil Free, Light Scent and Safe for Sensitive Skin",13.53 Fl Oz (Pack of 1),4.7 out of 5 stars,"7,671",$20.99,Same-DayFREE delivery Today 2 PM - 6 PM on $35 of qualifying items|Same-Day,B003JSEGNC,https://m.media-amazon.com/images/I/61fD94+o7nL._AC_UL320_.jpg
1191,https://www.amazon.com/sspa/click?ie=UTF8&spc=MTo1MjY5OTI3NjI0MTE0MjIxOjE2Njg3OTEyNDA6c3Bfc2VhcmNoX3RoZW1hdGljOjIwMDA0NzY2OTQ0ODUxMTo6MDo6&url=%2FDermalogica-Ultracalming-Cleanser-16-9-Fl%2Fdp%2FB00D58RWPU%2Fref%3Dsxin_16_pa_sp_search_thematic_sspa%3Fcontent-id%3Damzn1.sym.4e7a2229-074e-44de-95c4-9fd858f46295%253Aamzn1.sym.4e7a2229-074e-44de-95c4-9fd858f46295%26crid%3D9OPE821VK8IO%26cv_ct_cx%3Dfacewash%2Bfor%2Boily%2Bskin%26keywords%3Dfacewash%2Bfor%2Boily%2Bskin%26pd_rd_i%3DB00D58RWPU%26pd_rd_r%3D864f1df5-f4fb-4c02-96d4-5d0f4ea53e89%26pd_rd_w%3DLpUFP%26pd_rd_wg%3DaXqdC%26pf_rd_p%3D4e7a2229-074e-44de-95c4-9fd858f46295%26pf_rd_r%3DQJ1EGG8P4HC7B45Y9CGD%26qid%3D1668791240%26sprefix%3Dfacewash%2Bfor%2Boily%2Bskin%252Caps%252C158%26sr%3D1-1-a73d1c8c-2fd2-4f19-aa41-2df022bcb241-spons%26sp_csd%3Dd2lkZ2V0TmFtZT1zcF9zZWFyY2hfdGhlbWF0aWM%26psc%3D1,Dermalogica Ultracalming Cleanser - Gentle Non-Foaming Face Wash for Sensitive Skin - No Artificial Fragrances or Colors,16.9 Fl Oz (Pack of 1),4.7 out of 5 stars|4.6 out of 5 stars|4.6 out of 5 stars|4.6 out of 5 stars|4.6 out of 5 stars,"1,296|8,564|102|1,208|1,554",$64.00,"Small Business|Small Business|Small Business|<img alt="""" src=""https://m.media-amazon.com/images/I/111mHoVK0kL._SS200_.png"" height=""50px"" width=""50px""/>  Small Business|<img alt="""" src=""https://m.media-amazon.com/images/I/111mHoVK0kL._SS200_.png"" height=""50px"" width=""50px""/>  Small Business",,https://m.media-amazon.com/images/I/61yVNYcvQaL._AC_UL320_.jpg|https://m.media-amazon.com/images/I/71ExzzXSs7L._AC_UL320_.jpg|https://m.media-amazon.com/images/I/41v+SNHRCSL._AC_UL320_.jpg|https://m.media-amazon.com/images/I/111mHoVK0kL._SS200_.png||https://m.media-amazon.com/images/I/51JWV2nMu3S._AC_UL320_.jpg|https://m.media-amazon.com/images/I/615NNrZdh5L._AC_UL320_.jpg
1192,https://www.amazon.com/sspa/click?ie=UTF8&spc=MTo1MjY5OTI3NjI0MTE0MjIxOjE2Njg3OTEyNDA6c3Bfc2VhcmNoX3RoZW1hdGljOjIwMDA0NzY2OTQ0ODUxMTo6MDo6&url=%2FDermalogica-Ultracalming-Cleanser-16-9-Fl%2Fdp%2FB00D58RWPU%2Fref%3Dsxin_16_pa_sp_search_thematic_sspa%3Fcontent-id%3Damzn1.sym.4e7a2229-074e-44de-95c4-9fd858f46295%253Aamzn1.sym.4e7a2229-074e-44de-95c4-9fd858f46295%26crid%3D9OPE821VK8IO%26cv_ct_cx%3Dfacewash%2Bfor%2Boily%2Bskin%26keywords%3Dfacewash%2Bfor%2Boily%2Bskin%26pd_rd_i%3DB00D58RWPU%26pd_rd_r%3D864f1df5-f4fb-4c02-96d4-5d0f4ea53e89%26pd_rd_w%3DLpUFP%26pd_rd_wg%3DaXqdC%26pf_rd_p%3D4e7a2229-074e-44de-95c4-9fd858f46295%26pf_rd_r%3DQJ1EGG8P4HC7B45Y9CGD%26qid%3D1668791240%26sprefix%3Dfacewash%2Bfor%2Boily%2Bskin%252Caps%252C158%26sr%3D1-1-a73d1c8c-2fd2-4f19-aa41-2df022bcb241-spons%26sp_csd%3Dd2lkZ2V0TmFtZT1zcF9zZWFyY2hfdGhlbWF0aWM%26psc%3D1,Dermalogica Ultracalming Cleanser - Gentle Non-Foaming Face Wash for Sensitive Skin - No Artificial Fragrances or Colors,16.9 Fl Oz (Pack of 1),4.7 out of 5 stars,"1,296",$64.00,,B00D58RWPU,https://m.media-amazon.com/images/I/61yVNYcvQaL._AC_UL320_.jpg
1193,https://www.amazon.com/sspa/click?ie=UTF8&spc=MTo1MjY5OTI3NjI0MTE0MjIxOjE2Njg3OTEyNDA6c3Bfc2VhcmNoX3RoZW1hdGljOjIwMDA2MjM2NjU1NDQ5ODo6MTo6&url=%2FBior%25C3%25A9-Salicylic-Treatment-Breakouts-Absorption%2Fdp%2FB08XZLZ1NF%2Fref%3Dsxin_16_pa_sp_search_thematic_sspa%3Fcontent-id%3Damzn1.sym.4e7a2229-074e-44de-95c4-9fd858f46295%253Aamzn1.sym.4e7a2229-074e-44de-95c4-9fd858f46295%26crid%3D9OPE821VK8IO%26cv_ct_cx%3Dfacewash%2Bfor%2Boily%2Bskin%26keywords%3Dfacewash%2Bfor%2Boily%2Bskin%26pd_rd_i%3DB08XZLZ1NF%26pd_rd_r%3D864f1df5-f4fb-4c02-96d4-5d0f4ea53e89%26pd_rd_w%3DLpUFP%26pd_rd_wg%3DaXqdC%26pf_rd_p%3D4e7a2229-074e-44de-95c4-9fd858f46295%26pf_rd_r%3DQJ1EGG8P4HC7B45Y9CGD%26qid%3D1668791240%26rdc%3D1%26sprefix%3Dfacewash%2Bfor%2Boily%2Bskin%252Caps%252C158%26sr%3D1-2-a73d1c8c-2fd2-4f19-aa41-2df022bcb241-spons%26sp_csd%3Dd2lkZ2V0TmFtZT1zcF9zZWFyY2hfdGhlbWF0aWM%26psc%3D1,"Bioré Charcoal Acne Clearing Facial Cleanser with 1% Salicylic Acid and Natural Charcoal, Helps Prevent Breakouts and Absorb Oil for Deep Pore Cleansing, 6.77 Ounce (3 Pack)",($1.01/Ounce),4.6 out of 5 stars,"8,564",$20.60,,B08XZLZ1NF,https://m.media-amazon.com/images/I/71ExzzXSs7L._AC_UL320_.jpg
1194,https://www.amazon.com/sspa/click?ie=UTF8&spc=MTo1MjY5OTI3NjI0MTE0MjIxOjE2Njg3OTEyNDA6c3Bfc2VhcmNoX3RoZW1hdGljOjIwMDAyNjQwMjcxNzU0MTo6Mjo6&url=%2FHylunia-Facial-Cleansing-Gel-5-1%2Fdp%2FB0046BN4QQ%2Fref%3Dsxin_16_pa_sp_search_thematic_sspa%3Fcontent-id%3Damzn1.sym.4e7a2229-074e-44de-95c4-9fd858f46295%253Aamzn1.sym.4e7a2229-074e-44de-95c4-9fd858f46295%26crid%3D9OPE821VK8IO%26cv_ct_cx%3Dfacewash%2Bfor%2Boily%2Bskin%26keywords%3Dfacewash%2Bfor%2Boily%2Bskin%26pd_rd_i%3DB0046BN4QQ%26pd_rd_r%3D864f1df5-f4fb-4c02-96d4-5d0f4ea53e89%26pd_rd_w%3DLpUFP%26pd_rd_wg%3DaXqdC%26pf_rd_p%3D4e7a2229-074e-44de-95c4-9fd858f46295%26pf_rd_r%3DQJ1EGG8P4HC7B45Y9CGD%26qid%3D1668791240%26sprefix%3Dfacewash%2Bfor%2Boily%2Bskin%252Caps%252C158%26sr%3D1-3-a73d1c8c-2fd2-4f19-aa41-2df022bcb241-spons%26sp_csd%3Dd2lkZ2V0TmFtZT1zcF9zZWFyY2hfdGhlbWF0aWM%26psc%3D1,"Hylunia Facial Cleansing Gel - 5.1 fl oz - Lavender, Hyaluronic Acid Serum - Acne - Rapid Skin Repair",5.1 Fl Oz (Pack of 1),4.6 out of 5 stars,102,$29.50,"Small Business|Small Business|Small Business|<img alt="""" src=""https://m.media-amazon.com/images/I/111mHoVK0kL._SS200_.png"" height=""50px"" width=""50px""/>  Small Business|<img alt="""" src=""https://m.media-amazon.com/images/I/111mHoVK0kL._SS200_.png"" height=""50px"" width=""50px""/>  Small Business",B0046BN4QQ,https://m.media-amazon.com/images/I/41v+SNHRCSL._AC_UL320_.jpg|https://m.media-amazon.com/images/I/111mHoVK0kL._SS200_.png|
1195,https://www.amazon.com/sspa/click?ie=UTF8&spc=MTo1MjY5OTI3NjI0MTE0MjIxOjE2Njg3OTEyNDA6c3Bfc2VhcmNoX3RoZW1hdGljOjIwMDA1NzEzODMxODUxMTo6Mzo6&url=%2FDermalogica-Active-Clearing-Skin-Wash%2Fdp%2FB07TLGPBL1%2Fref%3Dsxin_16_pa_sp_search_thematic_sspa%3Fcontent-id%3Damzn1.sym.4e7a2229-074e-44de-95c4-9fd858f46295%253Aamzn1.sym.4e7a2229-074e-44de-95c4-9fd858f46295%26crid%3D9OPE821VK8IO%26cv_ct_cx%3Dfacewash%2Bfor%2Boily%2Bskin%26keywords%3Dfacewash%2Bfor%2Boily%2Bskin%26pd_rd_i%3DB07TLGPBL1%26pd_rd_r%3D864f1df5-f4fb-4c02-96d4-5d0f4ea53e89%26pd_rd_w%3DLpUFP%26pd_rd_wg%3DaXqdC%26pf_rd_p%3D4e7a2229-074e-44de-95c4-9fd858f46295%26pf_rd_r%3DQJ1EGG8P4HC7B45Y9CGD%26qid%3D1668791240%26sprefix%3Dfacewash%2Bfor%2Boily%2Bskin%252Caps%252C158%26sr%3D1-4-a73d1c8c-2fd2-4f19-aa41-2df022bcb241-spons%26sp_csd%3Dd2lkZ2V0TmFtZT1zcF9zZWFyY2hfdGhlbWF0aWM%26psc%3D1,Dermalogica Clearing Skin Wash - Anti-Aging Acne Face Wash - Natural Breakout Clearing Foam with Salicylic Acid and Tea Tree Oil,8.4 Fl Oz (Pack of 1),4.6 out of 5 stars,"1,208",$39.50,,B07TLGPBL1,https://m.media-amazon.com/images/I/51JWV2nMu3S._AC_UL320_.jpg
1196,https://www.amazon.com/sspa/click?ie=UTF8&spc=MTo1MjY5OTI3NjI0MTE0MjIxOjE2Njg3OTEyNDA6c3Bfc2VhcmNoX3RoZW1hdGljOjIwMDA1NzE0MzI0ODUxMTo6NDo6&url=%2FDermalogica-Smart-Skin-Resurfacing-Cleanser%2Fdp%2FB005KUGUBS%2Fref%3Dsxin_16_pa_sp_search_thematic_sspa%3Fcontent-id%3Damzn1.sym.4e7a2229-074e-44de-95c4-9fd858f46295%253Aamzn1.sym.4e7a2229-074e-44de-95c4-9fd858f46295%26crid%3D9OPE821VK8IO%26cv_ct_cx%3Dfacewash%2Bfor%2Boily%2Bskin%26keywords%3Dfacewash%2Bfor%2Boily%2Bskin%26pd_rd_i%3DB005KUGUBS%26pd_rd_r%3D864f1df5-f4fb-4c02-96d4-5d0f4ea53e89%26pd_rd_w%3DLpUFP%26pd_rd_wg%3DaXqdC%26pf_rd_p%3D4e7a2229-074e-44de-95c4-9fd858f46295%26pf_rd_r%3DQJ1EGG8P4HC7B45Y9CGD%26qid%3D1668791240%26sprefix%3Dfacewash%2Bfor%2Boily%2Bskin%252Caps%252C158%26sr%3D1-5-a73d1c8c-2fd2-4f19-aa41-2df022bcb241-spons%26sp_csd%3Dd2lkZ2V0TmFtZT1zcF9zZWFyY2hfdGhlbWF0aWM%26psc%3D1,Dermalogica Skin Resurfacing Cleanser - Dual-Action Anti-Aging Exfoliating Face Wash and Cleanser - Smoothes Skin with Lactic Acid,5.1 Fl Oz (Pack of 1),4.6 out of 5 stars,"1,554",$45.00,,B005KUGUBS,https://m.media-amazon.com/images/I/615NNrZdh5L._AC_UL320_.jpg
1198,https://www.amazon.com/Bior%C3%A9-Charcoal-Naturally-Dermatologist-Packaging/dp/B00L2BSI64/ref=sr_1_8?crid=9OPE821VK8IO&keywords=facewash+for+oily+skin&qid=1668791240&rdc=1&sprefix=facewash+for+oily+skin%2Caps%2C158&sr=8-8,"Bioré Deep Pore Charcoal Face Wash, Facial Cleanser for Dirt and Makeup Removal From Oily Skin, 6.77 Ounce",($1.03/Ounce),4.6 out of 5 stars,"25,340",$6.99,"One-DayFREE delivery Tomorrow, Nov 19|One-Day",B00L2BSI64,https://m.media-amazon.com/images/I/618Ba5WRtWL._AC_UL320_.jpg
1199,https://www.amazon.com/Paulas-Choice-BALANCING-Oil-Reducing-Cleanser/dp/B00949C6U0/ref=sr_1_9?crid=9OPE821VK8IO&keywords=facewash+for+oily+skin&qid=1668791240&sprefix=facewash+for+oily+skin%2Caps%2C158&sr=8-9,"Paula's Choice SKIN BALANCING Oil-Reducing Cleanser with Aloe, Face Wash for Oily Skin & Large Pores, 8 Ounce",8 Fl Oz (Pack of 1),4.5 out of 5 stars,862,$19.00,"One-DayFREE delivery Tomorrow, Nov 19|One-Day",B00949C6U0,https://m.media-amazon.com/images/I/61ecA+UtzNL._AC_UL320_.jpg
1200,https://www.amazon.com/Science-Apple-Cider-Vinegar-Exfoliating/dp/B09CFZVZ6C/ref=sr_1_10?crid=9OPE821VK8IO&keywords=facewash+for+oily+skin&qid=1668791240&sprefix=facewash+for+oily+skin%2Caps%2C158&sr=8-10,WOW Skin Science Apple Cider Vinegar Foam Exfoliating Face Wash & Brush - Facial Cleanser Acne Face Wash for Women & Men - Face Wash Oily Skin Gentle Face Cleanser - Natural Face Wash Sensitive Skin,5.07 Fl Oz (Pack of 1),4.4 out of 5 stars,"37,211",$12.16,Same-DayFREE delivery Today 2 PM - 6 PM on $35 of qualifying items|Same-Day,B09CFZVZ6C,https://m.media-amazon.com/images/I/51PhMp3ILTL._AC_UL320_.jpg
1201,https://www.amazon.com/Neutrogena-Polyhydroxy-Conditioning-Paraben-Free-Sulfate-Free/dp/B088S2JJ41/ref=sr_1_11?crid=9OPE821VK8IO&keywords=facewash+for+oily+skin&qid=1668791240&sprefix=facewash+for+oily+skin%2Caps%2C158&sr=8-11,"Neutrogena Skin Balancing Kaolin Clay Cleanser with 2% Polyhydroxy Acid (PHA), Mattifying & Conditioning Face Wash for Oily Skin, Paraben-Free, Soap-Free, Sulfate-Free, 6.3 fl oz",6.3 Fl Oz (Pack of 1),4.4 out of 5 stars,699,$8.68,"One-DayFREE delivery Tomorrow, Nov 19|One-Day",B088S2JJ41,https://m.media-amazon.com/images/I/71ubsKo9rtL._AC_UL320_.jpg
1202,https://www.amazon.com/Cleanser-Hydrating-Non-Greasy-Cleansing-Purifying/dp/B07H1131KN/ref=sr_1_12?crid=9OPE821VK8IO&keywords=facewash+for+oily+skin&qid=1668791240&sprefix=facewash+for+oily+skin%2Caps%2C158&sr=8-12,Natural Outcome Oily Skin Cleanser | Oil Control Daily Face Wash | Pore Hydrating Non-Greasy Cleansing Gel with Purifying Citrus Extracts for Oily Skin Types | Sulfate & Cruelty Free | 8 oz,8 Fl Oz (Pack of 1),4.2 out of 5 stars,348,$14.95,"One-DayFREE delivery Tomorrow, Nov 19|One-Day|Small Business|Small Business|Small Business|<img alt="""" src=""https://m.media-amazon.com/images/I/111mHoVK0kL._SS200_.png"" height=""50px"" width=""50px""/>  Small Business|<img alt="""" src=""https://m.media-amazon.com/images/I/111mHoVK0kL._SS200_.png"" height=""50px"" width=""50px""/>  Small Business",B07H1131KN,https://m.media-amazon.com/images/I/61MlQkJfnoL._AC_UL320_.jpg|https://m.media-amazon.com/images/I/111mHoVK0kL._SS200_.png|
1203,https://www.amazon.com/sspa/click?ie=UTF8&spc=MTo3ODU2MzAyNTU3Njc1MDEyOjE2Njg3OTEyNDA6c3BfbXRmOjIwMDAzNzU3OTYwNTk5ODo6MDo6&url=%2FPaulas-Choice-SKIN-PERFECTING-Exfoliant-Facial-Blackheads%2Fdp%2FB00949CTQQ%2Fref%3Dsr_1_13_sspa%3Fcrid%3D9OPE821VK8IO%26keywords%3Dfacewash%2Bfor%2Boily%2Bskin%26qid%3D1668791240%26sprefix%3Dfacewash%2Bfor%2Boily%2Bskin%252Caps%252C158%26sr%3D8-13-spons%26sp_csd%3Dd2lkZ2V0TmFtZT1zcF9tdGY%26psc%3D1%26smid%3DAFDRC8T2FYEHK,"Paulas Choice--SKIN PERFECTING 2% BHA Liquid Salicylic Acid Exfoliant--Facial Exfoliant for Blackheads, Enlarged Pores, Wrinkles & Fine Lines, 4 oz Bottle",Sponsored,4.6 out of 5 stars,"75,674",$34.00,"Same-DayFREE delivery Today 2 PM - 6 PM on $35 of qualifying items|Same-Day|Climate Pledge Friendly|Climate Pledge Friendly|Climate Pledge Friendly|<img alt="""" src=""https://m.media-amazon.com/images/I/216-OX9rBaL._SS200_.png"" height=""50px"" width=""50px""/>  Climate Pledge Friendly|<img alt="""" src=""https://m.media-amazon.com/images/I/216-OX9rBaL._SS200_.png"" height=""50px"" width=""50px""/>  Climate Pledge Friendly|<img alt="""" src=""https://m.media-amazon.com/images/I/41Y2L-DZWfL._SS200_.png"" height=""50px"" width=""50px""/> Compact by Design (Certified by Amazon)",B00949CTQQ,https://m.media-amazon.com/images/I/61zhzjgd2xL._AC_UL320_.jpg|https://m.media-amazon.com/images/I/216-OX9rBaL._SS200_.png||
1204,https://www.amazon.com/sspa/click?ie=UTF8&spc=MTo3ODU2MzAyNTU3Njc1MDEyOjE2Njg3OTEyNDA6c3BfbXRmOjIwMDA5ODg5NDQ0NDQ5ODo6MDo6&url=%2FVitamin-Facial-Cleanser-Ingredients-InstaNatural%2Fdp%2FB00VMYKCL0%2Fref%3Dsr_1_14_sspa%3Fcrid%3D9OPE821VK8IO%26keywords%3Dfacewash%2Bfor%2Boily%2Bskin%26qid%3D1668791240%26sprefix%3Dfacewash%2Bfor%2Boily%2Bskin%252Caps%252C158%26sr%3D8-14-spons%26sp_csd%3Dd2lkZ2V0TmFtZT1zcF9tdGY%26psc%3D1,"InstaNatural Vitamin C Face Wash, Anti Aging Face Wash and Exfoliating Face Wash with Aloe Vera and Green Tea Extract, Vitamin C Cleanser",Sponsored,4.4 out of 5 stars,"17,579",$19.97,"Same-DayFREE delivery Today 2 PM - 6 PM on $35 of qualifying items|Same-Day|Small Business|Small Business|Small Business|<img alt="""" src=""https://m.media-amazon.com/images/I/111mHoVK0kL._SS200_.png"" height=""50px"" width=""50px""/>  Small Business|<img alt="""" src=""https://m.media-amazon.com/images/I/111mHoVK0kL._SS200_.png"" height=""50px"" width=""50px""/>  Small Business",B00VMYKCL0,https://m.media-amazon.com/images/I/715Iwjc7MWL._AC_UL320_.jpg|https://m.media-amazon.com/images/I/111mHoVK0kL._SS200_.png|
1205,https://www.amazon.com/sspa/click?ie=UTF8&spc=MTo3ODU2MzAyNTU3Njc1MDEyOjE2Njg3OTEyNDA6c3BfbXRmOjIwMDA0NzQxMDc5OTE5ODo6MDo6&url=%2FHonest-Beauty-Hydration-Cream-Fluid%2Fdp%2FB07F4641MC%2Fref%3Dsr_1_15_sspa%3Fcrid%3D9OPE821VK8IO%26keywords%3Dfacewash%2Bfor%2Boily%2Bskin%26qid%3D1668791240%26rdc%3D1%26sprefix%3Dfacewash%2Bfor%2Boily%2Bskin%252Caps%252C158%26sr%3D8-15-spons%26sp_csd%3Dd2lkZ2V0TmFtZT1zcF9tdGY%26psc%3D1,Honest Beauty Deep Hydration Face Cream with Baobab Seed Oil & Shea Butter | Hypoallergenic + Dermatologist Tested Non-comedogenic & Cruelty free|1.69 fl. oz.,Sponsored,4.5 out of 5 stars,"1,179",$27.99,FREE delivery for Prime members,B07F4641MC,https://m.media-amazon.com/images/I/51IMGZc855L._AC_UL320_.jpg
1206,https://www.amazon.com/sspa/click?ie=UTF8&spc=MTo3ODU2MzAyNTU3Njc1MDEyOjE2Njg3OTEyNDA6c3BfbXRmOjIwMDA3NDE3MjMwMTcxMTo6MDo6&url=%2FDermalogica-Special-Cleansing-Gel-Gentle-Foaming%2Fdp%2FB000JG1QDA%2Fref%3Dsr_1_16_sspa%3Fcrid%3D9OPE821VK8IO%26keywords%3Dfacewash%2Bfor%2Boily%2Bskin%26qid%3D1668791240%26sprefix%3Dfacewash%2Bfor%2Boily%2Bskin%252Caps%252C158%26sr%3D8-16-spons%26sp_csd%3Dd2lkZ2V0TmFtZT1zcF9tdGY%26psc%3D1,Dermalogica Special Cleansing Gel - Gentle-Foaming Face Wash Gel for Women and Men - Leaves Skin Feeling Smooth And Clean,Sponsored,4.8 out of 5 stars,"2,273",$64.00,Same-DayFREE delivery Today 2 PM - 6 PM|Same-Day,B000JG1QDA,https://m.media-amazon.com/images/I/41ejGfEkmCL._AC_UL320_.jpg
1207,https://aax-us-iad.amazon.com/x/c/RI8hKJhYu98BFwtZjbggG00AAAGEi7WG1AEAAAH2AQBOL0EgICAgICAgICAgICBOL0EgICAgICAgICAgICAk30yF/https://www.amazon.com/dp/B00VMYKCL0?pd_rd_i=B00VMYKCL0&pf_rd_p=b000e0a0-9e93-480f-bf78-a83c8136dfcb&pf_rd_r=QJ1EGG8P4HC7B45Y9CGD&pd_rd_wg=aXqdC&pd_rd_w=ATqYw&pd_rd_r=864f1df5-f4fb-4c02-96d4-5d0f4ea53e89,"InstaNatural Vitamin C Face Wash, Anti Aging Face Wash and Exfoliating Face Wash with Aloe Vera and Green Tea Extract, Vitamin C Cleanser",Sponsored,4.4 out of 5 stars,"17,579",$19.97,Same-DayFREE delivery Today 2 PM - 6 PM on $35 of qualifying items|Same-Day,,
1209,https://www.amazon.com/CeraVe-Treatment-Salicylic-Purifying-Blackhead/dp/B097WFJ5H2/ref=sr_1_17?crid=9OPE821VK8IO&keywords=facewash+for+oily+skin&qid=1668791240&rdc=1&sprefix=facewash+for+oily+skin%2Caps%2C158&sr=8-17,"CeraVe Face Wash Acne Treatment | 2% Salicylic Acid Cleanser with Purifying Clay for Oily Skin | Blackhead Remover and Clogged Pore Control | Fragrance Free, Paraben Free & Non Comedogenic| 8 Ounce",8 Fl Oz (Pack of 1),4.7 out of 5 stars,"5,680",$13.47,"One-DayFREE delivery Tomorrow, Nov 19|One-Day",B097WFJ5H2,https://m.media-amazon.com/images/I/71DpVDw9y3L._AC_UL320_.jpg
1210,https://www.amazon.com/Cetaphil-Facial-Cleanser-Size-16z/dp/B07MBPFRJL/ref=sr_1_18?crid=9OPE821VK8IO&keywords=facewash+for+oily+skin&qid=1668791240&sprefix=facewash+for+oily+skin%2Caps%2C158&sr=8-18,Cetaphil Normal To Oily Skin Daily Facial Cleanser - 16 Fluid Ounce,16 Fl Oz (Pack of 1),4.7 out of 5 stars,151,$22.99,"One-DayFREE delivery Tomorrow, Nov 19 Or FREE delivery Overnight 7 AM - 11 AM on $35 of qualifying items|One-Day",B07MBPFRJL,https://m.media-amazon.com/images/I/51sVKTGMn+L._AC_UL320_.jpg
1211,https://www.amazon.com/Paulas-Choice-Perfectly-Anti-Aging-Combination/dp/B00NGGEZIS/ref=sr_1_19?crid=9OPE821VK8IO&keywords=facewash+for+oily+skin&qid=1668791240&sprefix=facewash+for+oily+skin%2Caps%2C158&sr=8-19,"Paula's Choice RESIST Perfectly Balanced Foaming Cleanser, Hyaluronic Acid & Aloe, Anti-Aging Face Wash, Large Pores & Oily Skin, 6.4 Ounce",6.4 Fl Oz (Pack of 1),4.5 out of 5 stars,"2,472",$22.00,Same-DayFREE delivery Today 2 PM - 6 PM on $35 of qualifying items|Same-Day,B00NGGEZIS,https://m.media-amazon.com/images/I/61QqqS-rdSL._AC_UL320_.jpg
1212,https://www.amazon.com/CETAPHIL-Sensitive-Combination-Fragrance-Hypoallergenic/dp/B09Y4HHY1P/ref=sr_1_20?crid=9OPE821VK8IO&keywords=facewash+for+oily+skin&qid=1668791240&sprefix=facewash+for+oily+skin%2Caps%2C158&sr=8-20,"Face Wash by CETAPHIL, Daily Facial Cleanser for Sensitive, Combination to Oily Skin, NEW 16 oz, Fragrance Free ,Gentle Foaming, Soap Free, Hypoallergenic",($0.75/Fl Oz),4.7 out of 5 stars,"8,187",$11.97,"One-DayFREE delivery Tomorrow, Nov 19 Or FREE delivery Overnight 7 AM - 11 AM on $35 of qualifying items|One-Day",B09Y4HHY1P,https://m.media-amazon.com/images/I/71gzqzvhb-L._AC_UL320_.jpg
1213,https://www.amazon.com/Roche-Posay-Effaclar-Medicated-Acne-Cleanser/dp/B00LO1DNXU/ref=sr_1_21?crid=9OPE821VK8IO&keywords=facewash+for+oily+skin&qid=1668791240&sprefix=facewash+for+oily+skin%2Caps%2C158&sr=8-21,"La Roche-Posay Effaclar Medicated Gel Facial Cleanser, Foaming Acne Face Wash with Salicylic Acid, Helps Clear Acne Breakouts and with Oily Skin Control, Oil Free, Fragrance Free",6.76 Fl Oz (Pack of 1),4.6 out of 5 stars,"12,815",$15.99,Same-DayFREE delivery Today 2 PM - 6 PM on $35 of qualifying items|Same-Day,B00LO1DNXU,https://m.media-amazon.com/images/I/51QxY+2MRTL._AC_UL320_.jpg
1214,https://www.amazon.com/Facial-Cleanser-Natural-Cleansing-Moisturizer/dp/B00809ERAM/ref=sr_1_22?crid=9OPE821VK8IO&keywords=facewash+for+oily+skin&qid=1668791240&sprefix=facewash+for+oily+skin%2Caps%2C158&sr=8-22,"THE FACE SHOP Rice Water Bright Face Wash, Facial Cleanser for Sensitive, Normal & Oily Skin, Gentle Hydrating Daily Face Cleansing Oil (5oz) or Face Wash Set (Face Cleansing Oil & Cleansing Foam)",5 Fl Oz (Pack of 1),4.4 out of 5 stars,"9,532",$15.00,Same-DayFREE delivery Today 2 PM - 6 PM on $35 of qualifying items|Same-Day,B00809ERAM,https://m.media-amazon.com/images/I/61qebqJRseL._AC_UL320_.jpg
1215,https://www.amazon.com/Ubtan-Foaming-Built-Brush-Cleansing/dp/B08KFSX1VB/ref=sr_1_23?crid=9OPE821VK8IO&keywords=facewash+for+oily+skin&qid=1668791240&rdc=1&sprefix=facewash+for+oily+skin%2Caps%2C158&sr=8-23,WOW Skin Science Ubtan Foaming Exfoliating Face Wash Facial Cleanser - Face Wash for Oily Skin with Acne - Face Wash for Women & Men - Exfoliating Facial Scrub Face Cleanser - Facial Skin Care Product,3.38 Fl Oz (Pack of 1),4.5 out of 5 stars,609,$10.95,"One-DayFREE delivery Tomorrow, Nov 19|One-Day",B08KFSX1VB,https://m.media-amazon.com/images/I/71J64DdAY-L._AC_UL320_.jpg
1216,https://www.amazon.com/Cetaphil-Clarifying-Cleanser-Salicylic-Sensitive/dp/B093W4C8W3/ref=sr_1_24?crid=9OPE821VK8IO&keywords=facewash+for+oily+skin&qid=1668791240&sprefix=facewash+for+oily+skin%2Caps%2C158&sr=8-24,"Cetaphil Acne Face Wash, Gentle Clear Clarifying Acne Cream Cleanser with 2% Salicylic Acid, Deep Cleans & Treats Acne Prone Skin, Skin Care for Sensitive Skin, 4.2oz",4.2 Ounce (Pack of 1),4.5 out of 5 stars,"1,537",$9.97,"One-DayFREE delivery Tomorrow, Nov 19|One-Day",B093W4C8W3,https://m.media-amazon.com/images/I/61Le0qraIEL._AC_UL320_.jpg
1217,https://www.amazon.com/sspa/click?ie=UTF8&spc=MTo3ODU2MzAyNTU3Njc1MDEyOjE2Njg3OTEyNDA6c3BfbXRmOjIwMDA5MTgxNDQ5ODc5ODo6MDo6&url=%2FCleansing-Waterproof-Rechargeable-Exfoliating-Electric%2Fdp%2FB092T7CQV5%2Fref%3Dsr_1_25_sspa%3Fcrid%3D9OPE821VK8IO%26keywords%3Dfacewash%2Bfor%2Boily%2Bskin%26qid%3D1668791240%26sprefix%3Dfacewash%2Bfor%2Boily%2Bskin%252Caps%252C158%26sr%3D8-25-spons%26sp_csd%3Dd2lkZ2V0TmFtZT1zcF9tdGY%26psc%3D1,"Sonic Facial Cleansing Brush, Waterproof Face Scrub Brush for Men & Women, Rechargeable Face Brushes for Cleansing and Exfoliating, Electric Face Scrubber Cleanser Brush - Blue",Sponsored,4.4 out of 5 stars,"6,559",$35.99,FREE delivery for Prime members,B092T7CQV5,https://m.media-amazon.com/images/I/61kqHJEukNS._AC_UL320_.jpg
1218,https://www.amazon.com/sspa/click?ie=UTF8&spc=MTo3ODU2MzAyNTU3Njc1MDEyOjE2Njg3OTEyNDA6c3BfbXRmOjIwMDA1NzE0MzI0ODUxMTo6MDo6&url=%2FDermalogica-Smart-Skin-Resurfacing-Cleanser%2Fdp%2FB005KUGUBS%2Fref%3Dsr_1_26_sspa%3Fcrid%3D9OPE821VK8IO%26keywords%3Dfacewash%2Bfor%2Boily%2Bskin%26qid%3D1668791240%26sprefix%3Dfacewash%2Bfor%2Boily%2Bskin%252Caps%252C158%26sr%3D8-26-spons%26sp_csd%3Dd2lkZ2V0TmFtZT1zcF9tdGY%26psc%3D1,Dermalogica Skin Resurfacing Cleanser - Dual-Action Anti-Aging Exfoliating Face Wash and Cleanser - Smoothes Skin with Lactic Acid,Sponsored,4.6 out of 5 stars,"1,554",$45.00,OvernightFREE delivery Overnight 7 AM - 11 AM|Overnight,B005KUGUBS,https://m.media-amazon.com/images/I/615NNrZdh5L._AC_UL320_.jpg
1219,https://www.amazon.com/sspa/click?ie=UTF8&spc=MTo3ODU2MzAyNTU3Njc1MDEyOjE2Njg3OTEyNDA6c3BfbXRmOjIwMDAxMDY5MjM5NjE2MTo6MDo6&url=%2FYouth-People-Kale-Superfood-Cleanser%2Fdp%2FB018A0BO92%2Fref%3Dsr_1_27_sspa%3Fcrid%3D9OPE821VK8IO%26keywords%3Dfacewash%2Bfor%2Boily%2Bskin%26qid%3D1668791240%26sprefix%3Dfacewash%2Bfor%2Boily%2Bskin%252Caps%252C158%26sr%3D8-27-spons%26sp_csd%3Dd2lkZ2V0TmFtZT1zcF9tdGY%26psc%3D1,"Youth To The People Kale + Green Tea Superfood Face Cleanser - Vegan Face Wash with Spinach, Vitamins C, E + K - Non-Drying Gel Foaming Cleanser for All Skin Types - Clean Beauty (8oz)",Sponsored,4.7 out of 5 stars,"4,589",$36.00,OvernightFREE delivery Overnight 7 AM - 11 AM|Overnight,B018A0BO92,https://m.media-amazon.com/images/I/716QnBIkElL._AC_UL320_.jpg
1220,https://www.amazon.com/sspa/click?ie=UTF8&spc=MTo3ODU2MzAyNTU3Njc1MDEyOjE2Njg3OTEyNDA6c3BfbXRmOjIwMDAzNzU2MDA0MTg5ODo6MDo6&url=%2FRoche-Posay-Moisturizer-Niacinamide-Non-Comedogenic-Moisturizing%2Fdp%2FB09N13T8TL%2Fref%3Dsr_1_28_sspa%3Fcrid%3D9OPE821VK8IO%26keywords%3Dfacewash%2Bfor%2Boily%2Bskin%26qid%3D1668791240%26sprefix%3Dfacewash%2Bfor%2Boily%2Bskin%252Caps%252C158%26sr%3D8-28-spons%26sp_csd%3Dd2lkZ2V0TmFtZT1zcF9tdGY%26psc%3D1,"La Roche-Posay Toleriane Double Repair Matte Face Moisturizer, Daily Gel Moisturizer For Oily Skin Control with Niacinamide, Oil-Free, Non-Comedogenic, Moisturizing for Sensitive Skin",Sponsored,4.5 out of 5 stars,"1,869",$20.99,Same-DayFREE delivery Today 2 PM - 6 PM on $35 of qualifying items|Same-Day,B09N13T8TL,https://m.media-amazon.com/images/I/61tAp+18-bL._AC_UL320_.jpg
1221,https://www.amazon.com/PCA-SKIN-Oily-Problem-Facial/dp/B00110U75Q/ref=sr_1_29?crid=9OPE821VK8IO&keywords=facewash+for+oily+skin&qid=1668791240&sprefix=facewash+for+oily+skin%2Caps%2C158&sr=8-29,"PCA SKIN Hydrating Face Wash for Oily & Acne Prone Skin - Oil-Free Daily Foaming Moisturizing Facial Cleanser with Lactic Acid & Glycerin, Removes Makeup, Oil & Dirt , 7 Fl Oz",7 Fl Oz (Pack of 1),4.7 out of 5 stars,466,$35.00,"FREE delivery Sun, Nov 20|",B00110U75Q,https://m.media-amazon.com/images/I/61-e2jRQr0L._AC_UL320_.jpg
1222,https://www.amazon.com/Cetaphil-Daily-Facial-Cleanser-Normal/dp/B000056I89/ref=sr_1_30?crid=9OPE821VK8IO&keywords=facewash+for+oily+skin&qid=1668791240&sprefix=facewash+for+oily+skin%2Caps%2C158&sr=8-30,"Cetaphil Daily Facial Cleanser for Normal to Oily Skin, 8 Ounce",8 Ounce,4.7 out of 5 stars,"1,983",$9.49,"FREE delivery Sun, Nov 20|",B000056I89,https://m.media-amazon.com/images/I/61tkfy7PqML._AC_UL320_.jpg
1223,https://www.amazon.com/CETAPHIL-Hydrating-Sensitive-Fragrance-Non-Foaming/dp/B099N3NM61/ref=sr_1_31?crid=9OPE821VK8IO&keywords=facewash+for+oily+skin&qid=1668791240&rdc=1&sprefix=facewash+for+oily+skin%2Caps%2C158&sr=8-31,"Face Wash by CETAPHIL, Hydrating Gentle Skin Cleanser for Dry to Normal Sensitive Skin, NEW 20oz, Fragrance Free, Soap Free and Non-Foaming",20 Fl Oz (Pack of 1),4.6 out of 5 stars,"5,036",$13.97,Same-DayFREE delivery Today 2 PM - 6 PM on $35 of qualifying items|Same-Day,B099N3NM61,https://m.media-amazon.com/images/I/61AOhCVdODL._AC_UL320_.jpg
1224,https://www.amazon.com/Paris-Skincare-Energetic-Cleanser-Charcoal/dp/B078VFX8BH/ref=sr_1_32?crid=9OPE821VK8IO&keywords=facewash+for+oily+skin&qid=1668791240&rdc=1&sprefix=facewash+for+oily+skin%2Caps%2C158&sr=8-32,"L'Oreal Men Expert Hydra Energetic Facial Cleanser with Charcoal for Daily Face Washing, Mens Face Wash, Beard and Skincare for Men, 2 ct.",5 Fl Oz (Pack of 2),4.6 out of 5 stars,"11,285",$15.64,Same-DayFREE delivery Today 2 PM - 6 PM on $35 of qualifying items|Same-Day,B078VFX8BH,https://m.media-amazon.com/images/I/91th1yqQg1L._AC_UL320_.jpg
1225,https://www.amazon.com/First-Aid-Beauty-Pure-Cleanser/dp/B08Q2WDK2B/ref=sr_1_33?crid=9OPE821VK8IO&keywords=facewash+for+oily+skin&qid=1668791240&sprefix=facewash+for+oily+skin%2Caps%2C158&sr=8-33,First Aid Beauty Pure Skin Deep Cleanser with Red Clay – Face Wash for Oily or Blemish-Prone Skin – 4.7 oz.,4.7 Fl Oz (Pack of 1),4.7 out of 5 stars,288,$24.00,"One-DayFREE delivery Tomorrow, Nov 19|One-Day|Small Business|Small Business|Small Business|<img alt="""" src=""https://m.media-amazon.com/images/I/111mHoVK0kL._SS200_.png"" height=""50px"" width=""50px""/>  Small Business|<img alt="""" src=""https://m.media-amazon.com/images/I/111mHoVK0kL._SS200_.png"" height=""50px"" width=""50px""/>  Small Business",B08Q2WDK2B,https://m.media-amazon.com/images/I/61FEAJwltwL._AC_UL320_.jpg|https://m.media-amazon.com/images/I/111mHoVK0kL._SS200_.png|
1226,https://www.amazon.com/Neutrogena-Oil-free-Salicylic-Grapefruit-Cleansing/dp/B07GKVBRMP/ref=sr_1_34?crid=9OPE821VK8IO&keywords=facewash+for+oily+skin&qid=1668791240&sprefix=facewash+for+oily+skin%2Caps%2C158&sr=8-34,"Neutrogena Oil-Free Salicylic Acid Pink Grapefruit Pore Cleansing Acne Wash and Facial Cleanser with Vitamin C, 9.1 fl. oz",9.1 Fl Oz (Pack of 1),4.6 out of 5 stars,"9,765",$8.68,Same-DayFREE delivery Today 2 PM - 6 PM on $35 of qualifying items|Same-Day,B07GKVBRMP,https://m.media-amazon.com/images/I/61s1vR7qT2L._AC_UL320_.jpg
1227,https://www.amazon.com/Pacifica-Beauty-Kale-Detox-Cleansing/dp/B015OWD370/ref=sr_1_35?crid=9OPE821VK8IO&keywords=facewash+for+oily+skin&qid=1668791240&rdc=1&sprefix=facewash+for+oily+skin%2Caps%2C158&sr=8-35,"Pacifica Beauty Kale Detox Deep Cleansing Face Wash, Daily Facial Cleanser for Oily & Blemish Prone Skin Types, 5 Oz",5 Fl Oz (Pack of 1),4.6 out of 5 stars,"7,774",$9.99,Same-DayFREE delivery Today 2 PM - 6 PM on $35 of qualifying items|Same-Day,B015OWD370,https://m.media-amazon.com/images/I/5165+7hfMZS._AC_UL320_.jpg
1228,https://www.amazon.com/CeraVe-Hydrating-Facial-Cleanser-Fragrance/dp/B01MSSDEPK/ref=sr_1_36?crid=9OPE821VK8IO&keywords=facewash+for+oily+skin&qid=1668791240&rdc=1&sprefix=facewash+for+oily+skin%2Caps%2C158&sr=8-36,"CeraVe Hydrating Facial Cleanser | Moisturizing Non-Foaming Face Wash with Hyaluronic Acid, Ceramides and Glycerin | Fragrance Free Paraben Free | 16 Fluid Ounce",16 Fl Oz (Pack of 1),4.7 out of 5 stars,"98,919",$14.57,Same-DayFREE delivery Today 2 PM - 6 PM on $35 of qualifying items|Same-Day,B01MSSDEPK,https://m.media-amazon.com/images/I/51DbQev1thL._AC_UL320_.jpg
1229,https://www.amazon.com/Superbloom-Spotless-Cleansing-Gel-Anti-Oxidant/dp/B0B1JQ7R6Q/ref=sr_1_37?crid=9OPE821VK8IO&keywords=facewash+for+oily+skin&qid=1668791240&sprefix=facewash+for+oily+skin%2Caps%2C158&sr=8-37,"Superbloom Spotless Cleansing Gel - Gentle Anti-Oxidant Rich Face Wash to Clean and Balance Skin, Facial Cleanser for Oily, Normal & Combination Skin, 1 Fl Oz",3 Fl Oz (Pack of 1),4.1 out of 5 stars,31,$24.99,"One-DayFREE delivery Tomorrow, Nov 19|One-Day|Climate Pledge Friendly  Small Business|Climate Pledge Friendly|Climate Pledge Friendly|Small Business|Small Business|<img alt="""" src=""https://m.media-amazon.com/images/I/216-OX9rBaL._SS200_.png"" height=""50px"" width=""50px""/>  Climate Pledge Friendly|<img alt="""" src=""https://m.media-amazon.com/images/I/216-OX9rBaL._SS200_.png"" height=""50px"" width=""50px""/>  Climate Pledge Friendly|<img alt="""" src=""https://m.media-amazon.com/images/I/31OPjlesFNL._SS200_.png"" height=""50px"" width=""50px""/> EWG Verified|<img alt="""" src=""https://m.media-amazon.com/images/I/111mHoVK0kL._SS200_.png"" height=""50px"" width=""50px""/>  Small Business|<img alt="""" src=""https://m.media-amazon.com/images/I/111mHoVK0kL._SS200_.png"" height=""50px"" width=""50px""/>  Small Business",B0B1JQ7R6Q,https://m.media-amazon.com/images/I/81N1A-O2tsL._AC_UL320_.jpg|https://m.media-amazon.com/images/I/216-OX9rBaL._SS200_.png|https://m.media-amazon.com/images/I/111mHoVK0kL._SS200_.png|||
1230,https://www.amazon.com/CeraVe-Treatment-Hyaluronic-Niacinamide-Sensitive/dp/B07YLJPMC3/ref=sr_1_38?crid=9OPE821VK8IO&keywords=facewash+for+oily+skin&qid=1668791240&rdc=1&sprefix=facewash+for+oily+skin%2Caps%2C158&sr=8-38,"CeraVe Acne Foaming Cream Cleanser | Acne Treatment Face Wash with 4% Benzoyl Peroxide, Hyaluronic Acid, and Niacinamide | Cream to Foam Formula | Fragrance Free & Non Comedogenic | 5 Oz",5 Fl Oz (Pack of 1),4.6 out of 5 stars,"25,492",$13.27,Same-DayFREE delivery Today 2 PM - 6 PM on $35 of qualifying items|Same-Day,B07YLJPMC3,https://m.media-amazon.com/images/I/81QW7Q4FXAL._AC_UL320_.jpg
1231,https://www.amazon.com/Vichy-Normaderm-Phytosolution-Intense-Purifying/dp/B07Q2R45XG/ref=sr_1_39?crid=9OPE821VK8IO&keywords=facewash+for+oily+skin&qid=1668791240&sprefix=facewash+for+oily+skin%2Caps%2C158&sr=8-39,"Vichy Normaderm Daily Acne Face Wash, Salicylic Acid Face Cleanser for Oily & Acne Prone Skin, Acne Cleanser that Clears Clogged Pores and Blackheads, Cleansing Gel for Sensitive Skin",6.7 Fl Oz (Pack of 1),4.6 out of 5 stars,"3,630",$18.00,"One-DayFREE delivery Tomorrow, Nov 19|One-Day|Climate Pledge Friendly|Climate Pledge Friendly|Climate Pledge Friendly|<img alt="""" src=""https://m.media-amazon.com/images/I/216-OX9rBaL._SS200_.png"" height=""50px"" width=""50px""/>  Climate Pledge Friendly|<img alt="""" src=""https://m.media-amazon.com/images/I/216-OX9rBaL._SS200_.png"" height=""50px"" width=""50px""/>  Climate Pledge Friendly|<img alt="""" src=""https://m.media-amazon.com/images/I/41Y2L-DZWfL._SS200_.png"" height=""50px"" width=""50px""/> Compact by Design (Certified by Amazon)",B07Q2R45XG,https://m.media-amazon.com/images/I/51d4fw8MjUL._AC_UL320_.jpg|https://m.media-amazon.com/images/I/216-OX9rBaL._SS200_.png||
1232,https://www.amazon.com/Cetaphil-Removing-Foam-Fluid-Ounce/dp/B07GDM872R/ref=sr_1_40?crid=9OPE821VK8IO&keywords=facewash+for+oily+skin&qid=1668791240&sprefix=facewash+for+oily+skin%2Caps%2C158&sr=8-40,"Cetaphil Pro Oil Removing Foam Wash, Foaming Facial Cleanser, Fragrance Free Formula Suitable for Sensitive Skin, 8 Fluid Ounce (Pack of 3)",8 Fluid Ounce (Pack of 3),4.6 out of 5 stars,"3,032",,,B07GDM872R,https://m.media-amazon.com/images/I/71jM8+1dJxL._AC_UL320_.jpg
1233,https://www.amazon.com/CETAPHIL-Sensitive-Hydration-Hypoallergenic-Fragrance/dp/B08GYYQ5MB/ref=sr_1_41?crid=9OPE821VK8IO&keywords=facewash+for+oily+skin&qid=1668791240&sprefix=facewash+for+oily+skin%2Caps%2C158&sr=8-41,"Face Wash by CETAPHIL, Daily Facial Cleanser for Sensitive, Combination to Oily Skin, 20 oz, Gentle Foaming, Soap Free, Hypoallergenic",20 Fl Oz (Pack of 1),4.7 out of 5 stars,"9,703",,,B08GYYQ5MB,https://m.media-amazon.com/images/I/611DA3qucYL._AC_UL320_.jpg
1234,https://www.amazon.com/CeraVe-Salicylic-Cleanser-Exfoliating-Fragrance/dp/B00U1YCRD8/ref=sr_1_42?crid=9OPE821VK8IO&keywords=facewash+for+oily+skin&qid=1668791240&sprefix=facewash+for+oily+skin%2Caps%2C158&sr=8-42,"CeraVe SA Cleanser | Salicylic Acid Cleanser with Hyaluronic Acid, Niacinamide & Ceramides| BHA Exfoliant for Face | Fragrance Free Non-Comedogenic | 8 Ounce",8 Ounce,4.7 out of 5 stars,"50,639",$11.47,Same-DayFREE delivery Today 2 PM - 6 PM on $35 of qualifying items|Same-Day,B00U1YCRD8,https://m.media-amazon.com/images/I/51qee-j+GNL._AC_UL320_.jpg
1235,https://www.amazon.com/Clean-Clear-Cleanser-Cucumber-Hypoallergenic/dp/B00JFV5X3E/ref=sr_1_43?crid=9OPE821VK8IO&keywords=facewash+for+oily+skin&qid=1668791240&sprefix=facewash+for+oily+skin%2Caps%2C158&sr=8-43,"Clean & Clear 2-Pack Day and Night Face Cleansers with Citrus Morning Burst Facial Cleanser with Vitamin C & Relaxing Night Facial Cleanser with Sea Minerals, Oil Free & Non-Comedogenic",8 Fl Oz (Pack of 2),4.6 out of 5 stars,"33,188",$9.87,Same-DayFREE delivery Today 2 PM - 6 PM on $35 of qualifying items|Same-Day,B00JFV5X3E,https://m.media-amazon.com/images/I/81EeoegEcYL._AC_UL320_.jpg
1236,https://www.amazon.com/Obagi-Nu-Derm-Foaming-Gel-6-7/dp/B00F6XZNOO/ref=sr_1_44?crid=9OPE821VK8IO&keywords=facewash+for+oily+skin&qid=1668791240&sprefix=facewash+for+oily+skin%2Caps%2C158&sr=8-44,"Obagi Medical Nu-Derm Foaming Gel Cleanser with Aloe Vera - Gentle Cleanser for Face, for Normal to Oily Skin - Purifying Cleansing Gel to Remove Impurities, Oil, and Makeup - 6.7 Fl Oz (200mL)",6.76 Fl Oz (Pack of 1),4.8 out of 5 stars,"2,465",$43.00,Same-DayFREE delivery Today 2 PM - 6 PM|Same-Day,B00F6XZNOO,https://m.media-amazon.com/images/I/619r84FtMoL._AC_UL320_.jpg
1237,https://www.amazon.com/Clean-Clear-Essentials-Cleanser-Sensitive/dp/B01EMYQG66/ref=sr_1_45?crid=9OPE821VK8IO&keywords=facewash+for+oily+skin&qid=1668791240&sprefix=facewash+for+oily+skin%2Caps%2C158&sr=8-45,"Clean & Clear Essentials Foaming Facial Cleanser for Sensitive Skin, Oil-Free Daily Face Wash to Remove Dirt, Oil & Makeup, 8 fl. oz",8 Fl Oz (Pack of 1),4.4 out of 5 stars,"4,308",$4.88,"One-DayFREE delivery Tomorrow, Nov 19|One-Day",B01EMYQG66,https://m.media-amazon.com/images/I/717tyw4FVYL._AC_UL320_.jpg
1238,https://www.amazon.com/Collective-Exfoliating-Cleanser-Cosmetics-Jelly/dp/B08ZCR6WZY/ref=sr_1_46?crid=9OPE821VK8IO&keywords=facewash+for+oily+skin&qid=1668791240&sprefix=facewash+for+oily+skin%2Caps%2C158&sr=8-46,"Clear Collective Exfoliating Jelly Cleanser from Hero Cosmetics - Gentle Daily Jelly-to-Foam Facial Cleanser, Eliminates Excess Oil and Removes Dead Skin, Fragrance and Paraben Free (5.07 fl oz)",5.07 Fl Oz (Pack of 1),4.4 out of 5 stars,"1,559",$12.99,"One-DayFREE delivery Tomorrow, Nov 19|One-Day|Climate Pledge Friendly|Climate Pledge Friendly|Climate Pledge Friendly|<img alt="""" src=""https://m.media-amazon.com/images/I/216-OX9rBaL._SS200_.png"" height=""50px"" width=""50px""/>  Climate Pledge Friendly|<img alt="""" src=""https://m.media-amazon.com/images/I/216-OX9rBaL._SS200_.png"" height=""50px"" width=""50px""/>  Climate Pledge Friendly|<img alt="""" src=""https://m.media-amazon.com/images/I/51vC-CaTYRL._SS200_.png"" height=""50px"" width=""50px""/> Carbonfree Certified",B08ZCR6WZY,https://m.media-amazon.com/images/I/719Z8IH18gL._AC_UL320_.jpg|https://m.media-amazon.com/images/I/216-OX9rBaL._SS200_.png||
1239,https://www.amazon.com/Garnier-SkinActive-Micellar-Foaming-Face/dp/B074QQDDT7/ref=sr_1_47?crid=9OPE821VK8IO&keywords=facewash+for+oily+skin&qid=1668791240&sprefix=facewash+for+oily+skin%2Caps%2C158&sr=8-47,"Garnier SkinActive Micellar Foaming Face Wash, For Oily Skin, 6.7 fl oz",6.7 Fl Oz (Pack of 1),4.5 out of 5 stars,"4,956",$12.95,FREE delivery Nov 25 - 29 Or fastest delivery Nov 23 - 25,B074QQDDT7,https://m.media-amazon.com/images/I/71DOpT5KduL._AC_UL320_.jpg
1240,https://www.amazon.com/Exfoliating-Face-Wash-Men-Exfoliator/dp/B00SETTZGE/ref=sr_1_48?crid=9OPE821VK8IO&keywords=facewash+for+oily+skin&qid=1668791240&sprefix=facewash+for+oily+skin%2Caps%2C158&sr=8-48,"Daily Exfoliating Face Wash for Men - Nutrient Packed Face Scrub & Gentle Face Cleanser in One - Foaming Face Exfoliator - Premium Facial Cleanser & Face Wash, Mens Facial Exfoliator, Men Face Wash, Mens Skin Care with Natural & Organic Ingredients",8 Fl Oz (Pack of 1),4.4 out of 5 stars,"4,122",$26.95,"One-DayFREE delivery Tomorrow, Nov 19|One-Day|Small Business|Small Business|Small Business|<img alt="""" src=""https://m.media-amazon.com/images/I/111mHoVK0kL._SS200_.png"" height=""50px"" width=""50px""/>  Small Business|<img alt="""" src=""https://m.media-amazon.com/images/I/111mHoVK0kL._SS200_.png"" height=""50px"" width=""50px""/>  Small Business",B00SETTZGE,https://m.media-amazon.com/images/I/71vyEpfxVuL._AC_UL320_.jpg|https://m.media-amazon.com/images/I/111mHoVK0kL._SS200_.png|
1241,https://www.amazon.com/Bior%C3%A9-Salicylic-Treatment-Breakouts-Absorption/dp/B01NAH0EDX/ref=sr_1_49?crid=9OPE821VK8IO&keywords=facewash+for+oily+skin&qid=1668791240&rdc=1&sprefix=facewash+for+oily+skin%2Caps%2C158&sr=8-49,"Bioré Charcoal Acne Cleanser, Salicylic Acid Acne Treatment, Helps Prevent Breakouts, Oil Absorption and Control for Acne Prone, Oily Skin, 6.77 Ounce",($1.01/Fl Oz),4.6 out of 5 stars,"8,564",$6.87,FREE delivery for Prime members,B01NAH0EDX,https://m.media-amazon.com/images/I/61JLgNE2EHL._AC_UL320_.jpg
1242,https://www.amazon.com/Basis-Cleaner-Clean-Face-Wash/dp/B00E4MOSS0/ref=sr_1_50?crid=9OPE821VK8IO&keywords=facewash+for+oily+skin&qid=1668791240&sprefix=facewash+for+oily+skin%2Caps%2C158&sr=8-50,"Basis Cleaner Clean Face Wash - Deep Cleans and Refreshes for Normal to Oily Skin, Oil-free, Soap Free - 6 fl. oz. (Pack of 3)",6 Fl Oz (Pack of 3),4.8 out of 5 stars,"2,164",$20.30,"One-DayFREE delivery Tomorrow, Nov 19 Or FREE delivery Overnight 7 AM - 11 AM on $35 of qualifying items|One-Day",B00E4MOSS0,https://m.media-amazon.com/images/I/71-T6t5zajL._AC_UL320_.jpg
1243,https://www.amazon.com/Bior%C3%A9-Purifying-Naturally-Dermatologist-Non-Comedogenic/dp/B07WV3S4RP/ref=sr_1_51?crid=9OPE821VK8IO&keywords=facewash+for+oily+skin&qid=1668791240&rdc=1&sprefix=facewash+for+oily+skin%2Caps%2C158&sr=8-51,"Bioré Rose Quartz + Charcoal Daily Purifying Cleanser, Oil Free Facial Cleanser Energizes Skin, Dermatologist Tested and Cruelty Free, 6.77 oz",6.7 Fl Oz (Pack of 1),4.6 out of 5 stars,"11,867",$6.87,FREE delivery for Prime members,B07WV3S4RP,https://m.media-amazon.com/images/I/71VWqNguGCL._AC_UL320_.jpg
1244,https://www.amazon.com/TULA-Probiotic-Purifying-Effective-Nourishing/dp/B01BQQUFQU/ref=sr_1_52?crid=9OPE821VK8IO&keywords=facewash+for+oily+skin&qid=1668791240&sprefix=facewash+for+oily+skin%2Caps%2C158&sr=8-52,"TULA Skin Care The Cult Classic Purifying Face Cleanser | Gentle and Effective Face Wash, Makeup Remover, Nourishing and Hydrating | 6.7 oz. (New Packaging)",6.7 Ounce (Pack of 1),4.7 out of 5 stars,"4,235",$34.00,"One-DayFREE delivery Tomorrow, Nov 19 Or FREE delivery Overnight 7 AM - 11 AM on $35 of qualifying items|One-Day|Small Business|Small Business|Small Business|<img alt="""" src=""https://m.media-amazon.com/images/I/111mHoVK0kL._SS200_.png"" height=""50px"" width=""50px""/>  Small Business|<img alt="""" src=""https://m.media-amazon.com/images/I/111mHoVK0kL._SS200_.png"" height=""50px"" width=""50px""/>  Small Business",B01BQQUFQU,https://m.media-amazon.com/images/I/51268-C28xL._AC_UL320_.jpg|https://m.media-amazon.com/images/I/111mHoVK0kL._SS200_.png|
1245,https://www.amazon.com/Differin-Daily-Deep-Cleanser-Irritation/dp/B07799WY99/ref=sr_1_53?crid=9OPE821VK8IO&keywords=facewash+for+oily+skin&qid=1668791240&sprefix=facewash+for+oily+skin%2Caps%2C158&sr=8-53,"Acne Face Wash with Benzoyl Peroxide by the makers of Differin Gel, Daily Deep Cleanser, Gentle Skin Care for Acne Prone Sensitive Skin, 4 oz",4 Fl Oz (Pack of 1),4.5 out of 5 stars,"21,130",$12.47,Same-DayFREE delivery Today 2 PM - 6 PM on $35 of qualifying items|Same-Day,B07799WY99,https://m.media-amazon.com/images/I/71Ki8Y3KzzL._AC_UL320_.jpg
1246,https://www.amazon.com/Cetaphil-Daily-Facial-Cleanser-Normal/dp/B001ET79H8/ref=sr_1_54?crid=9OPE821VK8IO&keywords=facewash+for+oily+skin&qid=1668791240&sprefix=facewash+for+oily+skin%2Caps%2C158&sr=8-54,"Face Wash by Cetaphil, Daily Facial Cleanser for Combination to Oily Sensitive Skin, 16 Ounce Pack of 2, Gentle Foaming Deep Clean Without Stripping",16 Fl Oz (Pack of 2),4.8 out of 5 stars,"17,109",,,B001ET79H8,https://m.media-amazon.com/images/I/71DkjYO9E2S._AC_UL320_.jpg
1247,https://www.amazon.com/CeraVe-Hydrating-Cleanser-Hyaluronic-Fragrance/dp/B08CQDF382/ref=sr_1_55?crid=9OPE821VK8IO&keywords=facewash+for+oily+skin&qid=1668791240&sprefix=facewash+for+oily+skin%2Caps%2C158&sr=8-55,CeraVe Hydrating Cream-to-Foam Cleanser | Hydrating Makeup Remover and Face Wash With Hyaluronic Acid | Fragrance Free Non-Comedogenic | 19 Fluid Ounce,19 Fl Oz (Pack of 1),4.7 out of 5 stars,"16,291",$17.30,Same-DayFREE delivery Today 2 PM - 6 PM on $35 of qualifying items|Same-Day,B08CQDF382,https://m.media-amazon.com/images/I/51LlOvHt3FL._AC_UL320_.jpg
1248,https://www.amazon.com/Neutrogena-Hydrating-Sensitive-Hypoallergenic-Non-Comedogenic/dp/B00F1D56HI/ref=sr_1_56?crid=9OPE821VK8IO&keywords=facewash+for+oily+skin&qid=1668791240&sprefix=facewash+for+oily+skin%2Caps%2C158&sr=8-56,"Neutrogena Ultra Gentle Hydrating Daily Facial Cleanser for Sensitive Skin, Acne, Eczema & Rosacea, Oil-Free, Soap-Free, Hypoallergenic & Non-Comedogenic Creamy Face Wash, 12 fl. oz",12 Fl Oz (Pack of 1),4.5 out of 5 stars,"10,771",$8.97,"One-DayFREE delivery Tomorrow, Nov 19|One-Day|Climate Pledge Friendly|Climate Pledge Friendly|Climate Pledge Friendly|<img alt="""" src=""https://m.media-amazon.com/images/I/216-OX9rBaL._SS200_.png"" height=""50px"" width=""50px""/>  Climate Pledge Friendly|<img alt="""" src=""https://m.media-amazon.com/images/I/216-OX9rBaL._SS200_.png"" height=""50px"" width=""50px""/>  Climate Pledge Friendly|<img alt="""" src=""https://m.media-amazon.com/images/I/41Y2L-DZWfL._SS200_.png"" height=""50px"" width=""50px""/> Compact by Design (Certified by Amazon)",B00F1D56HI,https://m.media-amazon.com/images/I/71q67AHd4XL._AC_UL320_.jpg|https://m.media-amazon.com/images/I/216-OX9rBaL._SS200_.png||
1249,https://www.amazon.com/CeraVe-Foaming-Cleanser-Soap-Free-Fragrance/dp/B08D14NYG3/ref=sr_1_57?crid=9OPE821VK8IO&keywords=facewash+for+oily+skin&qid=1668791240&sprefix=facewash+for+oily+skin%2Caps%2C158&sr=8-57,CeraVe Foaming Cleanser Bar | Soap-Free Body and Face Cleanser Bar for Oily Skin | Fragrance Free | 4.5 Ounce,4.5 Ounce (Pack of 1),4.7 out of 5 stars,559,$4.97,FREE delivery for Prime members,B08D14NYG3,https://m.media-amazon.com/images/I/51Ns8nmybzL._AC_UL320_.jpg
1250,https://www.amazon.com/Dermalogica-Active-Clearing-Skin-Wash/dp/B07TLGPBL1/ref=sr_1_58?crid=9OPE821VK8IO&keywords=facewash+for+oily+skin&qid=1668791240&sprefix=facewash+for+oily+skin%2Caps%2C158&sr=8-58,Dermalogica Clearing Skin Wash - Anti-Aging Acne Face Wash - Natural Breakout Clearing Foam with Salicylic Acid and Tea Tree Oil,8.4 Fl Oz (Pack of 1),4.6 out of 5 stars,"1,208",$39.50,OvernightFREE delivery Overnight 7 AM - 11 AM|Overnight,B07TLGPBL1,https://m.media-amazon.com/images/I/51JWV2nMu3S._AC_UL320_.jpg
1251,https://www.amazon.com/Mario-Badescu-Acne-Facial-Cleanser/dp/B000O5WCN4/ref=sr_1_59?crid=9OPE821VK8IO&keywords=facewash+for+oily+skin&qid=1668791240&sprefix=facewash+for+oily+skin%2Caps%2C158&sr=8-59,"Mario Badescu Acne Facial Cleanser for Combination & Oily Skin, Oil-Free Face Wash with Salicylic Acid & Aloe Vera, Deep Pore Clean, 6 Fl Oz (Pack of 1)",6 Fl Oz (Pack of 1),4.5 out of 5 stars,"3,181",$11.25,"One-DayFREE delivery Tomorrow, Nov 19|One-Day",B000O5WCN4,https://m.media-amazon.com/images/I/71djZJZWujL._AC_UL320_.jpg
1252,https://www.amazon.com/Bioderma-Moussant-Purifying-Cleansing-Foaming/dp/B00FSBUQMI/ref=sr_1_60?crid=9OPE821VK8IO&keywords=facewash+for+oily+skin&qid=1668791240&sprefix=facewash+for+oily+skin%2Caps%2C158&sr=8-60,Bioderma - Sébium Foaming Gel - Face and Body Cleanser - Makeup Remover Cleanser - Face Wash for Combination to Oily Skin,3.38 Fl Oz (Pack of 1),4.6 out of 5 stars,"9,866",$8.99,"One-DayFREE delivery Tomorrow, Nov 19 Or FREE delivery Overnight 7 AM - 11 AM on $35 of qualifying items|One-Day",B00FSBUQMI,https://m.media-amazon.com/images/I/41hsA7eg1aL._AC_UL320_.jpg
1253,https://aax-us-iad.amazon.com/x/c/RKBTsDV8jH3eR75YedUL_CEAAAGEi7WG3QEAAAH2AQBOL0EgICAgICAgICAgICBOL0EgICAgICAgICAgICBT3QUu/https://www.amazon.com/dp/B00VMYKCL0?pd_rd_i=B00VMYKCL0&pf_rd_p=55defc4a-7c1e-47a7-8d1d-5cc458cca688&pf_rd_r=QJ1EGG8P4HC7B45Y9CGD&pd_rd_wg=BQKPq&pd_rd_w=D2vZq&pd_rd_r=0ace3afa-9636-4172-b187-4e66bc920595,"InstaNatural Vitamin C Face Wash, Anti Aging Face Wash and Exfoliating Face Wash with Aloe Vera and Green Tea Extract, Vitamin C Cleanser",Sponsored,4.4 out of 5 stars,"17,579",$19.97,Same-DayFREE delivery Today 2 PM - 6 PM on $35 of qualifying items|Same-Day,,
1260,https://www.amazon.com/sspa/click?ie=UTF8&spc=MTo0NDc3OTc0MDk4MTA4MTczOjE2Njg4MDIzOTE6c3BfYXRmOjIwMDA1ODY1NTY5ODQ5ODo6MDo6&url=%2FNeutrogena-Ultra-Dry-Touch-Sunscreen-Spectrum%2Fdp%2FB005IHT94S%2Fref%3Dsr_1_1_sspa%3Fcrid%3D2QN1ORE9ZOFS5%26keywords%3Dsunscreen%26qid%3D1668802390%26sprefix%3Dsunscreen%252Caps%252C85%26sr%3D8-1-spons%26sp_csd%3Dd2lkZ2V0TmFtZT1zcF9hdGY%26psc%3D1,"Neutrogena Ultra Sheer Dry-Touch Water Resistant and Non-Greasy Sunscreen Lotion with Broad Spectrum SPF 70, 3 Fl Oz (Pack of 1)",Sponsored,4.7 out of 5 stars,"43,348",$8.61,"FREE delivery Fri, Nov 25 on $25 of items shipped by AmazonOr fastest delivery Sun, Nov 20|",B005IHT94S,https://m.media-amazon.com/images/I/61SXxqBOrmL._AC_UL320_.jpg
1261,https://www.amazon.com/sspa/click?ie=UTF8&spc=MTo0NDc3OTc0MDk4MTA4MTczOjE2Njg4MDIzOTE6c3BfYXRmOjIwMDA1ODY1NTY5ODM5ODo6MDo6&url=%2FNeutrogena-Dry-Touch-Resistant-Non-Greasy-Sunscreen%2Fdp%2FB000EPA4GQ%2Fref%3Dsr_1_2_sspa%3Fcrid%3D2QN1ORE9ZOFS5%26keywords%3Dsunscreen%26qid%3D1668802390%26sprefix%3Dsunscreen%252Caps%252C85%26sr%3D8-2-spons%26sp_csd%3Dd2lkZ2V0TmFtZT1zcF9hdGY%26psc%3D1,"Neutrogena Ultra Sheer Dry-Touch Sunscreen Lotion, Broad Spectrum SPF 55 UVA/UVB Protection, Light, Water Resistant, Non-Comedogenic & Non-Greasy, Travel Size, 3 fl. Oz",Sponsored,4.6 out of 5 stars,"13,376",$7.97,"FREE delivery Tue, Nov 29 on $25 of items shipped by AmazonOr fastest delivery Wed, Nov 23|",B000EPA4GQ,https://m.media-amazon.com/images/I/61005K7VJFL._AC_UL320_.jpg
1262,https://www.amazon.com/sspa/click?ie=UTF8&spc=MTo0NDc3OTc0MDk4MTA4MTczOjE2Njg4MDIzOTE6c3BfYXRmOjIwMDAyNTAzNzgxODk0MTo6MDo6&url=%2FRoche-Posay-Anthelios-Melt-Sunscreen-Milk%2Fdp%2FB002CML1VG%2Fref%3Dsr_1_3_sspa%3Fcrid%3D2QN1ORE9ZOFS5%26keywords%3Dsunscreen%26qid%3D1668802390%26sprefix%3Dsunscreen%252Caps%252C85%26sr%3D8-3-spons%26sp_csd%3Dd2lkZ2V0TmFtZT1zcF9hdGY%26psc%3D1,"La Roche-Posay Anthelios Melt In Milk Body & Face Sunscreen SPF 60, Oil Free Sunscreen for Sensitive Skin, Sport Sunscreen Lotion, Sun Protection & Sun Skin Care, Oxybenzone Free",Sponsored,4.6 out of 5 stars,"10,379",$35.99,"FREE delivery Fri, Nov 25 Or fastest delivery Sun, Nov 20|",B002CML1VG,https://m.media-amazon.com/images/I/61qA+KLguKL._AC_UL320_.jpg
1263,https://www.amazon.com/sspa/click?ie=UTF8&spc=MTo0NDc3OTc0MDk4MTA4MTczOjE2Njg4MDIzOTE6c3BfYXRmOjIwMDA1ODY1NTY5ODE5ODo6MDo6&url=%2FNeutrogena-Dry-Touch-Resistant-Non-Greasy-Sunscreen%2Fdp%2FB004D2DR0Q%2Fref%3Dsr_1_4_sspa%3Fcrid%3D2QN1ORE9ZOFS5%26keywords%3Dsunscreen%26qid%3D1668802390%26sprefix%3Dsunscreen%252Caps%252C85%26sr%3D8-4-spons%26sp_csd%3Dd2lkZ2V0TmFtZT1zcF9hdGY%26psc%3D1,"Neutrogena Ultra Sheer Dry-Touch Water Resistant and Non-Greasy Sunscreen Lotion with Broad Spectrum SPF 45, TSA-Compliant travel Size, 3 Fl Oz, Pack of 2, 6 Fl Oz",Sponsored,4.7 out of 5 stars,"12,303",$13.97,"FREE delivery Fri, Nov 25 on $25 of items shipped by AmazonOr fastest delivery Sun, Nov 20|",B004D2DR0Q,https://m.media-amazon.com/images/I/81QMd6vQMZL._AC_UL320_.jpg
1264,https://www.amazon.com/EltaMD-Acne-Prone-Mineral-Based-Dermatologist-Recommended/dp/B002MSN3QQ/ref=sr_1_5?crid=2QN1ORE9ZOFS5&keywords=sunscreen&qid=1668802390&sprefix=sunscreen%2Caps%2C85&sr=8-5,"EltaMD UV Clear SPF 46 Face Sunscreen, Broad Spectrum Sunscreen for Sensitive Skin and Acne-Prone Skin, Oil-Free Mineral-Based Sunscreen Lotion with Zinc Oxide, Dermatologist Recommended, 1.7 oz Pump",1.7 Ounce (Pack of 1),4.7 out of 5 stars,"34,459",$39.00,"FREE delivery Fri, Nov 25 Or fastest delivery Sun, Nov 20|",B002MSN3QQ,https://m.media-amazon.com/images/I/61xlIIwBhyL._AC_UL320_.jpg
1265,https://www.amazon.com/Neutrogena-Ultra-Dry-Touch-Sunscreen-Spectrum/dp/B005IHT94S/ref=sr_1_6?crid=2QN1ORE9ZOFS5&keywords=sunscreen&qid=1668802390&sprefix=sunscreen%2Caps%2C85&sr=8-6,"Neutrogena Ultra Sheer Dry-Touch Water Resistant and Non-Greasy Sunscreen Lotion with Broad Spectrum SPF 70, 3 Fl Oz (Pack of 1)",3 Fl Oz (Pack of 1),4.7 out of 5 stars,"43,348",$8.61,"FREE delivery Fri, Nov 25 on $25 of items shipped by AmazonOr fastest delivery Sun, Nov 20|",B005IHT94S,https://m.media-amazon.com/images/I/61SXxqBOrmL._AC_UL320_.jpg
1266,https://www.amazon.com/Coppertone-Sport-Sunscreen-Lotion-SPF/dp/B0173G3AY6/ref=sr_1_7?crid=2QN1ORE9ZOFS5&keywords=sunscreen&qid=1668802390&sprefix=sunscreen%2Caps%2C85&sr=8-7,"Coppertone SPORT Sunscreen SPF 50 Lotion, Water Resistant Sunscreen, Body Sunscreen Lotion, 7 Fl Oz",7 Fl Oz (Pack of 1),4.8 out of 5 stars,"1,151",$6.39,"FREE delivery Fri, Nov 25 on $25 of items shipped by AmazonOr fastest delivery Sun, Nov 20|",B0173G3AY6,https://m.media-amazon.com/images/I/71I+WE0s1gL._AC_UL320_.jpg
1267,https://www.amazon.com/AIDA-BARRIER-AMPOULE-SUNSCREEN-SENSITIVE/dp/B098DGHTFV/ref=sxin_15?content-id=amzn1.sym.d7223ab3-d7ba-402d-901f-6bf4c3c8698f%3Aamzn1.sym.d7223ab3-d7ba-402d-901f-6bf4c3c8698f&crid=2QN1ORE9ZOFS5&cv_ct_cx=sunscreen&keywords=sunscreen&pd_rd_i=B098DGHTFV&pd_rd_r=b937aaeb-47b7-4f3a-873f-38212f97ef08&pd_rd_w=NKtnV&pd_rd_wg=RiNT5&pf_rd_p=d7223ab3-d7ba-402d-901f-6bf4c3c8698f&pf_rd_r=0A73E2RPY0Y91407YTEJ&qid=1668802390&sprefix=sunscreen%2Caps%2C85&sr=1-1-fe296e3f-866b-4d03-ac2f-5b8cc03edba3,AIDA ULTRA BARRIER AMPOULE SUNSCREEN SPF50+ PA++++ FOR ALL FAMILY MEMEBRS KIDS SAFE ZINC SUNSCREEN SENSITIVE SKIN,($13.89/Ounce),5.0 out of 5 stars|4.8 out of 5 stars|4.7 out of 5 stars|4.7 out of 5 stars|4.7 out of 5 stars|4.6 out of 5 stars,"1|25,325|2,642|1,420|115|171",$24.50,"Small Business|Small Business|Small Business|<img alt="""" src=""https://m.media-amazon.com/images/I/111mHoVK0kL._SS200_.png"" height=""50px"" width=""50px""/>  Small Business|<img alt="""" src=""https://m.media-amazon.com/images/I/111mHoVK0kL._SS200_.png"" height=""50px"" width=""50px""/>  Small Business|Small Business|Small Business|Small Business|<img alt="""" src=""https://m.media-amazon.com/images/I/111mHoVK0kL._SS200_.png"" height=""50px"" width=""50px""/>  Small Business|<img alt="""" src=""https://m.media-amazon.com/images/I/111mHoVK0kL._SS200_.png"" height=""50px"" width=""50px""/>  Small Business|Climate Pledge Friendly|Climate Pledge Friendly|Climate Pledge Friendly|<img alt="""" src=""https://m.media-amazon.com/images/I/216-OX9rBaL._SS200_.png"" height=""50px"" width=""50px""/>  Climate Pledge Friendly|<img alt="""" src=""https://m.media-amazon.com/images/I/216-OX9rBaL._SS200_.png"" height=""50px"" width=""50px""/>  Climate Pledge Friendly|<img alt="""" src=""https://m.media-amazon.com/images/I/41Y2L-DZWfL._SS200_.png"" height=""50px"" width=""50px""/> Compact by Design (Certified by Amazon)|Small Business|Small Business|Small Business|<img alt="""" src=""https://m.media-amazon.com/images/I/111mHoVK0kL._SS200_.png"" height=""50px"" width=""50px""/>  Small Business|<img alt="""" src=""https://m.media-amazon.com/images/I/111mHoVK0kL._SS200_.png"" height=""50px"" width=""50px""/>  Small Business",,https://m.media-amazon.com/images/I/41+n8o-CcjL._AC_UL320_.jpg|https://m.media-amazon.com/images/I/111mHoVK0kL._SS200_.png||https://m.media-amazon.com/images/I/71ksnpDKrwL._AC_UL320_.jpg|https://m.media-amazon.com/images/I/111mHoVK0kL._SS200_.png||https://m.media-amazon.com/images/I/61g7uWKNRbL._AC_UL320_.jpg|https://m.media-amazon.com/images/I/71Uicg4dkrL._AC_UL320_.jpg|https://m.media-amazon.com/images/I/216-OX9rBaL._SS200_.png|||https://m.media-amazon.com/images/I/71bj1Fgp07L._AC_UL320_.jpg|https://m.media-amazon.com/images/I/61OHfKc8UIL._AC_UL320_.jpg|https://m.media-amazon.com/images/I/111mHoVK0kL._SS200_.png|
1268,https://www.amazon.com/AIDA-BARRIER-AMPOULE-SUNSCREEN-SENSITIVE/dp/B098DGHTFV/ref=sxin_15?content-id=amzn1.sym.d7223ab3-d7ba-402d-901f-6bf4c3c8698f%3Aamzn1.sym.d7223ab3-d7ba-402d-901f-6bf4c3c8698f&crid=2QN1ORE9ZOFS5&cv_ct_cx=sunscreen&keywords=sunscreen&pd_rd_i=B098DGHTFV&pd_rd_r=b937aaeb-47b7-4f3a-873f-38212f97ef08&pd_rd_w=NKtnV&pd_rd_wg=RiNT5&pf_rd_p=d7223ab3-d7ba-402d-901f-6bf4c3c8698f&pf_rd_r=0A73E2RPY0Y91407YTEJ&qid=1668802390&sprefix=sunscreen%2Caps%2C85&sr=1-1-fe296e3f-866b-4d03-ac2f-5b8cc03edba3,AIDA ULTRA BARRIER AMPOULE SUNSCREEN SPF50+ PA++++ FOR ALL FAMILY MEMEBRS KIDS SAFE ZINC SUNSCREEN SENSITIVE SKIN,($13.89/Ounce),5.0 out of 5 stars,1,$24.50,"Small Business|Small Business|Small Business|<img alt="""" src=""https://m.media-amazon.com/images/I/111mHoVK0kL._SS200_.png"" height=""50px"" width=""50px""/>  Small Business|<img alt="""" src=""https://m.media-amazon.com/images/I/111mHoVK0kL._SS200_.png"" height=""50px"" width=""50px""/>  Small Business",B098DGHTFV,https://m.media-amazon.com/images/I/41+n8o-CcjL._AC_UL320_.jpg|https://m.media-amazon.com/images/I/111mHoVK0kL._SS200_.png|
1269,https://www.amazon.com/Sun-Bum-Moisturizing-SPF-Hypoallergenic/dp/B004XGPMFA/ref=sxin_15?content-id=amzn1.sym.d7223ab3-d7ba-402d-901f-6bf4c3c8698f%3Aamzn1.sym.d7223ab3-d7ba-402d-901f-6bf4c3c8698f&crid=2QN1ORE9ZOFS5&cv_ct_cx=sunscreen&keywords=sunscreen&pd_rd_i=B004XGPMFA&pd_rd_r=b937aaeb-47b7-4f3a-873f-38212f97ef08&pd_rd_w=NKtnV&pd_rd_wg=RiNT5&pf_rd_p=d7223ab3-d7ba-402d-901f-6bf4c3c8698f&pf_rd_r=0A73E2RPY0Y91407YTEJ&qid=1668802390&sprefix=sunscreen%2Caps%2C85&sr=1-2-fe296e3f-866b-4d03-ac2f-5b8cc03edba3,Sun Bum Original Scent SPF 30 Sunscreen Lotion | Vegan and Reef Friendly (Octinoxate & Oxybenzone Free) Broad Spectrum Moisturizing UVA/UVB Sunscreen with Vitamin E | 8 oz,8 Fl Oz (Pack of 1),4.8 out of 5 stars,"25,325",$13.60,"Small Business|Small Business|Small Business|<img alt="""" src=""https://m.media-amazon.com/images/I/111mHoVK0kL._SS200_.png"" height=""50px"" width=""50px""/>  Small Business|<img alt="""" src=""https://m.media-amazon.com/images/I/111mHoVK0kL._SS200_.png"" height=""50px"" width=""50px""/>  Small Business",B004XGPMFA,https://m.media-amazon.com/images/I/71ksnpDKrwL._AC_UL320_.jpg|https://m.media-amazon.com/images/I/111mHoVK0kL._SS200_.png|
1270,https://www.amazon.com/Mineral-Based-Combining-protectors-Hyaluronic-Protection/dp/B01M9EV2JG/ref=sxin_15?content-id=amzn1.sym.d7223ab3-d7ba-402d-901f-6bf4c3c8698f%3Aamzn1.sym.d7223ab3-d7ba-402d-901f-6bf4c3c8698f&crid=2QN1ORE9ZOFS5&cv_ct_cx=sunscreen&keywords=sunscreen&pd_rd_i=B01M9EV2JG&pd_rd_r=b937aaeb-47b7-4f3a-873f-38212f97ef08&pd_rd_w=NKtnV&pd_rd_wg=RiNT5&pf_rd_p=d7223ab3-d7ba-402d-901f-6bf4c3c8698f&pf_rd_r=0A73E2RPY0Y91407YTEJ&qid=1668802390&sprefix=sunscreen%2Caps%2C85&sr=1-3-fe296e3f-866b-4d03-ac2f-5b8cc03edba3,"Blue Lizard Face Mineral-Based(Combining mineral and chemical UV protectors) Sunscreen with Hydrating Hyaluronic Acid SPF 30+ UVA/UVB Protection, 3 oz",3 Ounce (Pack of 1),4.7 out of 5 stars,"2,642",$11.00,,B01M9EV2JG,https://m.media-amazon.com/images/I/61g7uWKNRbL._AC_UL320_.jpg
1271,https://www.amazon.com/BLUE-LIZARD-Mineral-Based-Sunscreen-Lotion/dp/B08YMR7TCL/ref=sxin_15?content-id=amzn1.sym.d7223ab3-d7ba-402d-901f-6bf4c3c8698f%3Aamzn1.sym.d7223ab3-d7ba-402d-901f-6bf4c3c8698f&crid=2QN1ORE9ZOFS5&cv_ct_cx=sunscreen&keywords=sunscreen&pd_rd_i=B08YMR7TCL&pd_rd_r=b937aaeb-47b7-4f3a-873f-38212f97ef08&pd_rd_w=NKtnV&pd_rd_wg=RiNT5&pf_rd_p=d7223ab3-d7ba-402d-901f-6bf4c3c8698f&pf_rd_r=0A73E2RPY0Y91407YTEJ&qid=1668802390&sprefix=sunscreen%2Caps%2C85&sr=1-4-fe296e3f-866b-4d03-ac2f-5b8cc03edba3,"BLUE LIZARD Sport Mineral-Based Sunscreen Lotion - SPF 50+, Cream, Unscented, 8.75 Fl Oz",8.75 Fl Oz (Pack of 1),4.7 out of 5 stars,"1,420",$23.10,"Climate Pledge Friendly|Climate Pledge Friendly|Climate Pledge Friendly|<img alt="""" src=""https://m.media-amazon.com/images/I/216-OX9rBaL._SS200_.png"" height=""50px"" width=""50px""/>  Climate Pledge Friendly|<img alt="""" src=""https://m.media-amazon.com/images/I/216-OX9rBaL._SS200_.png"" height=""50px"" width=""50px""/>  Climate Pledge Friendly|<img alt="""" src=""https://m.media-amazon.com/images/I/41Y2L-DZWfL._SS200_.png"" height=""50px"" width=""50px""/> Compact by Design (Certified by Amazon)",B08YMR7TCL,https://m.media-amazon.com/images/I/71Uicg4dkrL._AC_UL320_.jpg|https://m.media-amazon.com/images/I/216-OX9rBaL._SS200_.png||
1272,https://www.amazon.com/TOCOBO-Protection-Ingredients-Hyaluronic-Moisturizing/dp/B09Y112RTC/ref=sxin_15?content-id=amzn1.sym.d7223ab3-d7ba-402d-901f-6bf4c3c8698f%3Aamzn1.sym.d7223ab3-d7ba-402d-901f-6bf4c3c8698f&crid=2QN1ORE9ZOFS5&cv_ct_cx=sunscreen&keywords=sunscreen&pd_rd_i=B09Y112RTC&pd_rd_r=b937aaeb-47b7-4f3a-873f-38212f97ef08&pd_rd_w=NKtnV&pd_rd_wg=RiNT5&pf_rd_p=d7223ab3-d7ba-402d-901f-6bf4c3c8698f&pf_rd_r=0A73E2RPY0Y91407YTEJ&qid=1668802390&sprefix=sunscreen%2Caps%2C85&sr=1-5-fe296e3f-866b-4d03-ac2f-5b8cc03edba3,"[TOCOBO] BIO WATERY SUN CREAM SPF50+ PA++++ 1.69 fl oz / 50g | Watery Texture, Soft Finish, Powerful UV Protection, Natural Ingredients, Hyaluronic Acid, Moisturizing, Elasticity | EWG Green + PEG Free, Korean Vegan Sunscreen for Face",1.69 Fl Oz (Pack of 1),4.7 out of 5 stars,115,$20.00,,B09Y112RTC,https://m.media-amazon.com/images/I/71bj1Fgp07L._AC_UL320_.jpg
1273,https://www.amazon.com/Algenist-Ultra-Lightweight-Defense-Fluid/dp/B007X1YAJQ/ref=sxin_15?content-id=amzn1.sym.d7223ab3-d7ba-402d-901f-6bf4c3c8698f%3Aamzn1.sym.d7223ab3-d7ba-402d-901f-6bf4c3c8698f&crid=2QN1ORE9ZOFS5&cv_ct_cx=sunscreen&keywords=sunscreen&pd_rd_i=B007X1YAJQ&pd_rd_r=b937aaeb-47b7-4f3a-873f-38212f97ef08&pd_rd_w=NKtnV&pd_rd_wg=RiNT5&pf_rd_p=d7223ab3-d7ba-402d-901f-6bf4c3c8698f&pf_rd_r=0A73E2RPY0Y91407YTEJ&qid=1668802390&sprefix=sunscreen%2Caps%2C85&sr=1-6-fe296e3f-866b-4d03-ac2f-5b8cc03edba3,"Algenist Sublime Defense Ultra Lightweight UV Defense Fluid SPF50 - Sheer, Oil-Free Face Sunscreen with Vitamin E, Echinacea & Green Tea - Non-Comedogenic & Hypoallergenic Skincare (30ml / 1oz)",1 Fl Oz (Pack of 1),4.6 out of 5 stars,171,$28.00,"Small Business|Small Business|Small Business|<img alt="""" src=""https://m.media-amazon.com/images/I/111mHoVK0kL._SS200_.png"" height=""50px"" width=""50px""/>  Small Business|<img alt="""" src=""https://m.media-amazon.com/images/I/111mHoVK0kL._SS200_.png"" height=""50px"" width=""50px""/>  Small Business",B007X1YAJQ,https://m.media-amazon.com/images/I/61OHfKc8UIL._AC_UL320_.jpg|https://m.media-amazon.com/images/I/111mHoVK0kL._SS200_.png|
1274,https://www.amazon.com/Hawaiian-Tropic-Lotion-Sunscreen-Radiance/dp/B0031O5QF6/ref=sxin_16_ac_d_hl?ac_md=1-0-T3ZlcmFsbCBDaG9pY2U%3D-ac_d_hl_hl_ac&content-id=amzn1.sym.3663916c-38f6-4d73-9801-2e9551111db6%3Aamzn1.sym.3663916c-38f6-4d73-9801-2e9551111db6&crid=2QN1ORE9ZOFS5&cv_ct_cx=sunscreen&keywords=sunscreen&pd_rd_i=B0031O5QF6&pd_rd_r=b937aaeb-47b7-4f3a-873f-38212f97ef08&pd_rd_w=BHuNA&pd_rd_wg=RiNT5&pf_rd_p=3663916c-38f6-4d73-9801-2e9551111db6&pf_rd_r=0A73E2RPY0Y91407YTEJ&psc=1&qid=1668802390&sprefix=sunscreen%2Caps%2C85&sr=1-1-25fd44b4-555a-4528-b40c-891e95133f20,"Hawaiian Tropic Sheer Touch Lotion Sunscreen, Moisturizing Broad-Spectrum Protection, SPF 30, 8 Ounces",Highly rated and well-priced,4.8 out of 5 stars|4.5 out of 5 stars|4.7 out of 5 stars|4.5 out of 5 stars|4.3 out of 5 stars,"9,052|9,028|541|587|582",$8.92,"Climate Pledge Friendly|Climate Pledge Friendly|Climate Pledge Friendly|<img alt="""" src=""https://m.media-amazon.com/images/I/216-OX9rBaL._SS200_.png"" height=""50px"" width=""50px""/>  Climate Pledge Friendly|<img alt="""" src=""https://m.media-amazon.com/images/I/216-OX9rBaL._SS200_.png"" height=""50px"" width=""50px""/>  Climate Pledge Friendly|<img alt="""" src=""https://m.media-amazon.com/images/I/41Y2L-DZWfL._SS200_.png"" height=""50px"" width=""50px""/> Compact by Design (Certified by Amazon)|Small Business|Small Business|Small Business|<img alt="""" src=""https://m.media-amazon.com/images/I/111mHoVK0kL._SS200_.png"" height=""50px"" width=""50px""/>  Small Business|<img alt="""" src=""https://m.media-amazon.com/images/I/111mHoVK0kL._SS200_.png"" height=""50px"" width=""50px""/>  Small Business",,https://m.media-amazon.com/images/I/61aFmqerj2S._AC_UL320_.jpg|https://m.media-amazon.com/images/I/71Q-FxgL2qL._AC_UL320_.jpg|https://m.media-amazon.com/images/I/216-OX9rBaL._SS200_.png|||https://m.media-amazon.com/images/I/71A2KYErEcL._AC_UL320_.jpg|https://m.media-amazon.com/images/I/61oFaJBsCQL._AC_UL320_.jpg|https://m.media-amazon.com/images/I/111mHoVK0kL._SS200_.png||https://m.media-amazon.com/images/I/71aSmC+KXOL._AC_UL320_.jpg
1276,https://www.amazon.com/Beauty-Joseon-Relief-2pack-1-69fl-oz/dp/B09X9P19RK/ref=sr_1_8?crid=2QN1ORE9ZOFS5&keywords=sunscreen&qid=1668802390&sprefix=sunscreen%2Caps%2C85&sr=8-8,"[Beauty of Joseon] Relief Sun Set(2pack) (50ml, 1.69fl.oz)",1.69 Fl Oz (Pack of 2),4.8 out of 5 stars,"1,068",$24.03,"FREE delivery Fri, Nov 25 on $25 of items shipped by AmazonOr fastest delivery Sun, Nov 20|",B09X9P19RK,https://m.media-amazon.com/images/I/51Cg8epNjpL._AC_UL320_.jpg
1277,https://www.amazon.com/Hawaiian-Tropic-Lotion-Sunscreen-Radiance/dp/B0031O5QF6/ref=sr_1_9?crid=2QN1ORE9ZOFS5&keywords=sunscreen&qid=1668802390&sprefix=sunscreen%2Caps%2C85&sr=8-9,"Hawaiian Tropic Sheer Touch Lotion Sunscreen, Moisturizing Broad-Spectrum Protection, SPF 30, 8 Ounces",7.98 Fl Oz (Pack of 1),4.8 out of 5 stars,"9,052",$8.92,"FREE delivery Fri, Nov 25 on $25 of items shipped by AmazonOr fastest delivery Sun, Nov 20|",B0031O5QF6,https://m.media-amazon.com/images/I/61aFmqerj2S._AC_UL320_.jpg
1278,https://www.amazon.com/Banana-Boat-Sunscreen-Performance-Spectrum/dp/B01MQXX9US/ref=sr_1_10?crid=2QN1ORE9ZOFS5&keywords=sunscreen&qid=1668802390&sprefix=sunscreen%2Caps%2C85&sr=8-10,"Banana Boat Sport Ultra Sunscreen Spray, Broad Spectrum, SPF 50, 6oz. - Twin Pack",6 Ounce (Pack of 2),4.7 out of 5 stars,"30,685",$11.70,"FREE delivery Tue, Nov 29 Or fastest delivery Nov 22 - 23",B01MQXX9US,https://m.media-amazon.com/images/I/710MMqPeVgL._AC_UL320_.jpg
1279,https://www.amazon.com/Coppertone-Continuous-Sunscreen-Spectrum-5-5-Ounce/dp/B074WBHHYY/ref=sr_1_11?crid=2QN1ORE9ZOFS5&keywords=sunscreen&qid=1668802390&sprefix=sunscreen%2Caps%2C85&sr=8-11,"Coppertone SPORT Sunscreen Spray SPF 50, Water Resistant Spray Sunscreen, Broad Spectrum SPF 50 Sunscreen Pack, 5.5 Oz Spray, Pack of 2",5.5 Ounce (Pack of 2),4.6 out of 5 stars,"11,663",$12.74,"FREE delivery Fri, Nov 25 on $25 of items shipped by AmazonOr fastest delivery Tue, Nov 22|",B074WBHHYY,https://m.media-amazon.com/images/I/71gJlWiy03L._AC_UL320_.jpg
1280,https://www.amazon.com/Sun-Bum-Moisturizing-SPF-Hypoallergenic/dp/B004XGPM32/ref=sr_1_12?crid=2QN1ORE9ZOFS5&keywords=sunscreen&qid=1668802390&sprefix=sunscreen%2Caps%2C85&sr=8-12,Sun Bum Original SPF 50 Sunscreen Lotion | Vegan and Reef Friendly (Octinoxate & Oxybenzone Free) Broad Spectrum Moisturizing UVA/UVB Sunscreen with Vitamin E | 8 oz,8 Fl Oz (Pack of 1),4.8 out of 5 stars,"25,325",$18.49,"FREE delivery Fri, Nov 25 on $25 of items shipped by AmazonOr fastest delivery Sun, Nov 20||Small Business|Small Business|Small Business|<img alt="""" src=""https://m.media-amazon.com/images/I/111mHoVK0kL._SS200_.png"" height=""50px"" width=""50px""/>  Small Business|<img alt="""" src=""https://m.media-amazon.com/images/I/111mHoVK0kL._SS200_.png"" height=""50px"" width=""50px""/>  Small Business",B004XGPM32,https://m.media-amazon.com/images/I/71Uq4bSF7xL._AC_UL320_.jpg|https://m.media-amazon.com/images/I/111mHoVK0kL._SS200_.png|
1281,https://www.amazon.com/Neutrogena-Sunscreen-Spectrum-Water-Resistant-Protection/dp/B00ANL8PYY/ref=sr_1_13?crid=2QN1ORE9ZOFS5&keywords=sunscreen&qid=1668802390&sprefix=sunscreen%2Caps%2C85&sr=8-13,"Neutrogena Beach Defense Sunscreen Spray SPF 30 Water-Resistant Sunscreen Body Spray with Broad Spectrum SPF 30, PABA-Free, Oxybenzone-Free & Fast-Drying, Superior Sun Protection, 6.5 oz",6.5 Ounce (Pack of 1),4.7 out of 5 stars,"6,067",$6.09,"FREE delivery Fri, Nov 25 on $25 of items shipped by AmazonOr fastest delivery Tue, Nov 22|",B00ANL8PYY,https://m.media-amazon.com/images/I/716H57OfU5L._AC_UL320_.jpg
1282,https://www.amazon.com/sspa/click?ie=UTF8&spc=MTo2MjYxMDQwNjA1MjMyMzA6MTY2ODgwMjM5MTpzcF9zZWFyY2hfdGhlbWF0aWM6MjAwMDI0NzIxMTU3MjMxOjowOjo&url=%2FSun-Bum-Moisturizing-SPF-Hypoallergenic%2Fdp%2FB004XGPM32%2Fref%3Dsxin_24_pa_sp_search_thematic_sspa%3Fcontent-id%3Damzn1.sym.9c246b91-3d49-4e6c-8ff6-5b6e9a100bd4%253Aamzn1.sym.9c246b91-3d49-4e6c-8ff6-5b6e9a100bd4%26crid%3D2QN1ORE9ZOFS5%26cv_ct_cx%3Dsunscreen%26keywords%3Dsunscreen%26pd_rd_i%3DB004XGPM32%26pd_rd_r%3Db937aaeb-47b7-4f3a-873f-38212f97ef08%26pd_rd_w%3DIj066%26pd_rd_wg%3DRiNT5%26pf_rd_p%3D9c246b91-3d49-4e6c-8ff6-5b6e9a100bd4%26pf_rd_r%3D0A73E2RPY0Y91407YTEJ%26qid%3D1668802390%26sprefix%3Dsunscreen%252Caps%252C85%26sr%3D1-1-a43b4223-fbe9-48b0-af69-6d70cf84978b-spons%26sp_csd%3Dd2lkZ2V0TmFtZT1zcF9zZWFyY2hfdGhlbWF0aWM%26psc%3D1,Sun Bum Original SPF 50 Sunscreen Lotion | Vegan and Reef Friendly (Octinoxate & Oxybenzone Free) Broad Spectrum Moisturizing UVA/UVB Sunscreen with Vitamin E | 8 oz,Sponsored | Based on star rating and number of customer ratings,4.8 out of 5 stars|4.7 out of 5 stars|4.7 out of 5 stars|4.7 out of 5 stars|4.6 out of 5 stars,"25,325|43,348|13,333|1,862|13,376",$18.49,"Small Business|Small Business|Small Business|<img alt="""" src=""https://m.media-amazon.com/images/I/111mHoVK0kL._SS200_.png"" height=""50px"" width=""50px""/>  Small Business|<img alt="""" src=""https://m.media-amazon.com/images/I/111mHoVK0kL._SS200_.png"" height=""50px"" width=""50px""/>  Small Business",,https://m.media-amazon.com/images/I/71Uq4bSF7xL._AC_UL320_.jpg|https://m.media-amazon.com/images/I/111mHoVK0kL._SS200_.png||https://m.media-amazon.com/images/I/61SXxqBOrmL._AC_UL320_.jpg|https://m.media-amazon.com/images/I/715U4OZgT-L._AC_UL320_.jpg|https://m.media-amazon.com/images/I/71i60GBd2zL._AC_UL320_.jpg|https://m.media-amazon.com/images/I/61005K7VJFL._AC_UL320_.jpg
1283,https://www.amazon.com/sspa/click?ie=UTF8&spc=MTo2MjYxMDQwNjA1MjMyMzA6MTY2ODgwMjM5MTpzcF9zZWFyY2hfdGhlbWF0aWM6MjAwMDI0NzIxMTU3MjMxOjowOjo&url=%2FSun-Bum-Moisturizing-SPF-Hypoallergenic%2Fdp%2FB004XGPM32%2Fref%3Dsxin_24_pa_sp_search_thematic_sspa%3Fcontent-id%3Damzn1.sym.9c246b91-3d49-4e6c-8ff6-5b6e9a100bd4%253Aamzn1.sym.9c246b91-3d49-4e6c-8ff6-5b6e9a100bd4%26crid%3D2QN1ORE9ZOFS5%26cv_ct_cx%3Dsunscreen%26keywords%3Dsunscreen%26pd_rd_i%3DB004XGPM32%26pd_rd_r%3Db937aaeb-47b7-4f3a-873f-38212f97ef08%26pd_rd_w%3DIj066%26pd_rd_wg%3DRiNT5%26pf_rd_p%3D9c246b91-3d49-4e6c-8ff6-5b6e9a100bd4%26pf_rd_r%3D0A73E2RPY0Y91407YTEJ%26qid%3D1668802390%26sprefix%3Dsunscreen%252Caps%252C85%26sr%3D1-1-a43b4223-fbe9-48b0-af69-6d70cf84978b-spons%26sp_csd%3Dd2lkZ2V0TmFtZT1zcF9zZWFyY2hfdGhlbWF0aWM%26psc%3D1,Sun Bum Original SPF 50 Sunscreen Lotion | Vegan and Reef Friendly (Octinoxate & Oxybenzone Free) Broad Spectrum Moisturizing UVA/UVB Sunscreen with Vitamin E | 8 oz,8 Fl Oz (Pack of 1),4.8 out of 5 stars,"25,325",$18.49,"Small Business|Small Business|Small Business|<img alt="""" src=""https://m.media-amazon.com/images/I/111mHoVK0kL._SS200_.png"" height=""50px"" width=""50px""/>  Small Business|<img alt="""" src=""https://m.media-amazon.com/images/I/111mHoVK0kL._SS200_.png"" height=""50px"" width=""50px""/>  Small Business",B004XGPM32,https://m.media-amazon.com/images/I/71Uq4bSF7xL._AC_UL320_.jpg|https://m.media-amazon.com/images/I/111mHoVK0kL._SS200_.png|
1284,https://www.amazon.com/sspa/click?ie=UTF8&spc=MTo2MjYxMDQwNjA1MjMyMzA6MTY2ODgwMjM5MTpzcF9zZWFyY2hfdGhlbWF0aWM6MjAwMDU4NjU1Njk4NDk4OjoxOjo&url=%2FNeutrogena-Ultra-Dry-Touch-Sunscreen-Spectrum%2Fdp%2FB005IHT94S%2Fref%3Dsxin_24_pa_sp_search_thematic_sspa%3Fcontent-id%3Damzn1.sym.9c246b91-3d49-4e6c-8ff6-5b6e9a100bd4%253Aamzn1.sym.9c246b91-3d49-4e6c-8ff6-5b6e9a100bd4%26crid%3D2QN1ORE9ZOFS5%26cv_ct_cx%3Dsunscreen%26keywords%3Dsunscreen%26pd_rd_i%3DB005IHT94S%26pd_rd_r%3Db937aaeb-47b7-4f3a-873f-38212f97ef08%26pd_rd_w%3DIj066%26pd_rd_wg%3DRiNT5%26pf_rd_p%3D9c246b91-3d49-4e6c-8ff6-5b6e9a100bd4%26pf_rd_r%3D0A73E2RPY0Y91407YTEJ%26qid%3D1668802390%26sprefix%3Dsunscreen%252Caps%252C85%26sr%3D1-2-a43b4223-fbe9-48b0-af69-6d70cf84978b-spons%26sp_csd%3Dd2lkZ2V0TmFtZT1zcF9zZWFyY2hfdGhlbWF0aWM%26psc%3D1,"Neutrogena Ultra Sheer Dry-Touch Water Resistant and Non-Greasy Sunscreen Lotion with Broad Spectrum SPF 70, 3 Fl Oz (Pack of 1)",3 Fl Oz (Pack of 1),4.7 out of 5 stars,"43,348",$8.61,,B005IHT94S,https://m.media-amazon.com/images/I/61SXxqBOrmL._AC_UL320_.jpg
1285,https://www.amazon.com/sspa/click?ie=UTF8&spc=MTo2MjYxMDQwNjA1MjMyMzA6MTY2ODgwMjM5MTpzcF9zZWFyY2hfdGhlbWF0aWM6MjAwMDU4NjU1Njk4Mjk4OjoyOjo&url=%2FNeutrogena-Resistant-Sunscreen-Spectrum-Fast-Absorbing%2Fdp%2FB00AEN4QZ8%2Fref%3Dsxin_24_pa_sp_search_thematic_sspa%3Fcontent-id%3Damzn1.sym.9c246b91-3d49-4e6c-8ff6-5b6e9a100bd4%253Aamzn1.sym.9c246b91-3d49-4e6c-8ff6-5b6e9a100bd4%26crid%3D2QN1ORE9ZOFS5%26cv_ct_cx%3Dsunscreen%26keywords%3Dsunscreen%26pd_rd_i%3DB00AEN4QZ8%26pd_rd_r%3Db937aaeb-47b7-4f3a-873f-38212f97ef08%26pd_rd_w%3DIj066%26pd_rd_wg%3DRiNT5%26pf_rd_p%3D9c246b91-3d49-4e6c-8ff6-5b6e9a100bd4%26pf_rd_r%3D0A73E2RPY0Y91407YTEJ%26qid%3D1668802390%26sprefix%3Dsunscreen%252Caps%252C85%26sr%3D1-3-a43b4223-fbe9-48b0-af69-6d70cf84978b-spons%26sp_csd%3Dd2lkZ2V0TmFtZT1zcF9zZWFyY2hfdGhlbWF0aWM%26psc%3D1,"Neutrogena Beach Defense Water Resistant Sunscreen Lotion with Broad Spectrum SPF 70, Oil-Free and PABA-Free Fast-Absorbing Sunscreen Lotion, UVA/UVB Sun Protection, SPF 70, 6.7 oz",6.7 Fl Oz (Pack of 1),4.7 out of 5 stars,"13,333",$8.97,,B00AEN4QZ8,https://m.media-amazon.com/images/I/715U4OZgT-L._AC_UL320_.jpg
1286,https://www.amazon.com/sspa/click?ie=UTF8&spc=MTo2MjYxMDQwNjA1MjMyMzA6MTY2ODgwMjM5MTpzcF9zZWFyY2hfdGhlbWF0aWM6MjAwMDY5MzQwNDg4Mzk4OjozOjo&url=%2FNeutrogena-Fullreach-Sunscreen-Lightweight-Non-Comedogenic%2Fdp%2FB076GZX3KL%2Fref%3Dsxin_24_pa_sp_search_thematic_sspa%3Fcontent-id%3Damzn1.sym.9c246b91-3d49-4e6c-8ff6-5b6e9a100bd4%253Aamzn1.sym.9c246b91-3d49-4e6c-8ff6-5b6e9a100bd4%26crid%3D2QN1ORE9ZOFS5%26cv_ct_cx%3Dsunscreen%26keywords%3Dsunscreen%26pd_rd_i%3DB076GZX3KL%26pd_rd_r%3Db937aaeb-47b7-4f3a-873f-38212f97ef08%26pd_rd_w%3DIj066%26pd_rd_wg%3DRiNT5%26pf_rd_p%3D9c246b91-3d49-4e6c-8ff6-5b6e9a100bd4%26pf_rd_r%3D0A73E2RPY0Y91407YTEJ%26qid%3D1668802390%26sprefix%3Dsunscreen%252Caps%252C85%26sr%3D1-4-a43b4223-fbe9-48b0-af69-6d70cf84978b-spons%26sp_csd%3Dd2lkZ2V0TmFtZT1zcF9zZWFyY2hfdGhlbWF0aWM%26psc%3D1,"Neutrogena Ultra Sheer Body Mist Sunscreen Spray Broad Spectrum SPF 70, Lightweight, Non-Greasy & Water Resistant, Oil-Free & Non-Comedogenic UVA/UVB Sunscreen Mist, 5 oz (Pack of 3)",5 Ounce (Pack of 3),4.7 out of 5 stars,"1,862",$26.97,,B076GZX3KL,https://m.media-amazon.com/images/I/71i60GBd2zL._AC_UL320_.jpg
1287,https://www.amazon.com/sspa/click?ie=UTF8&spc=MTo2MjYxMDQwNjA1MjMyMzA6MTY2ODgwMjM5MTpzcF9zZWFyY2hfdGhlbWF0aWM6MjAwMDU4NjU1Njk4Mzk4Ojo0Ojo&url=%2FNeutrogena-Dry-Touch-Resistant-Non-Greasy-Sunscreen%2Fdp%2FB000EPA4GQ%2Fref%3Dsxin_24_pa_sp_search_thematic_sspa%3Fcontent-id%3Damzn1.sym.9c246b91-3d49-4e6c-8ff6-5b6e9a100bd4%253Aamzn1.sym.9c246b91-3d49-4e6c-8ff6-5b6e9a100bd4%26crid%3D2QN1ORE9ZOFS5%26cv_ct_cx%3Dsunscreen%26keywords%3Dsunscreen%26pd_rd_i%3DB000EPA4GQ%26pd_rd_r%3Db937aaeb-47b7-4f3a-873f-38212f97ef08%26pd_rd_w%3DIj066%26pd_rd_wg%3DRiNT5%26pf_rd_p%3D9c246b91-3d49-4e6c-8ff6-5b6e9a100bd4%26pf_rd_r%3D0A73E2RPY0Y91407YTEJ%26qid%3D1668802390%26sprefix%3Dsunscreen%252Caps%252C85%26sr%3D1-5-a43b4223-fbe9-48b0-af69-6d70cf84978b-spons%26sp_csd%3Dd2lkZ2V0TmFtZT1zcF9zZWFyY2hfdGhlbWF0aWM%26psc%3D1,"Neutrogena Ultra Sheer Dry-Touch Sunscreen Lotion, Broad Spectrum SPF 55 UVA/UVB Protection, Light, Water Resistant, Non-Comedogenic & Non-Greasy, Travel Size, 3 fl. Oz",3 Fl Oz (Pack of 1),4.6 out of 5 stars,"13,376",$7.97,,B000EPA4GQ,https://m.media-amazon.com/images/I/61005K7VJFL._AC_UL320_.jpg
1288,https://www.amazon.com/BALI-BODY-Ultra-Tanning-Mousse/dp/B09CHDLVB3/ref=sxin_25_slmt_fabric_query_aware_gg_beauty?content-id=amzn1.sym.455f48f6-6089-4c39-8af1-4593b3766b3c%3Aamzn1.sym.455f48f6-6089-4c39-8af1-4593b3766b3c&crid=2QN1ORE9ZOFS5&cv_ct_cx=sunscreen&keywords=sunscreen&pd_rd_i=B09CHDLVB3&pd_rd_r=b937aaeb-47b7-4f3a-873f-38212f97ef08&pd_rd_w=ynYvP&pd_rd_wg=RiNT5&pf_rd_p=455f48f6-6089-4c39-8af1-4593b3766b3c&pf_rd_r=0A73E2RPY0Y91407YTEJ&qid=1668802390&sprefix=sunscreen%2Caps%2C85&sr=1-1-0d6ca3d5-bd83-4d8e-b232-aa08677b2d9c,"BALI BODY Dark & Ultra Dark Self-Tanning Mousse | ​Enriched with nourishing oils and 100% natural DHA for smooth, hydrated and perfectly bronzed skin | 200ml/6.7fl oz | 100% Australian Made & Vegan",6.7 Fl Oz (Pack of 1),4.2 out of 5 stars|4.7 out of 5 stars|4.5 out of 5 stars|4.5 out of 5 stars|4.3 out of 5 stars,"73|758|1,331|2,093|273",$30.95,,,https://m.media-amazon.com/images/I/41GdKAH+UVL._AC_UL320_.jpg|https://m.media-amazon.com/images/I/61Ho7P8LJ2L._AC_UL320_.jpg|https://m.media-amazon.com/images/I/61sIsf354vL._AC_UL320_.jpg|https://m.media-amazon.com/images/I/61OnuxTQauL._AC_UL320_.jpg|https://m.media-amazon.com/images/I/81MOoNvzvAL._AC_UL320_.jpg
1289,https://www.amazon.com/BALI-BODY-Ultra-Tanning-Mousse/dp/B09CHDLVB3/ref=sxin_25_slmt_fabric_query_aware_gg_beauty?content-id=amzn1.sym.455f48f6-6089-4c39-8af1-4593b3766b3c%3Aamzn1.sym.455f48f6-6089-4c39-8af1-4593b3766b3c&crid=2QN1ORE9ZOFS5&cv_ct_cx=sunscreen&keywords=sunscreen&pd_rd_i=B09CHDLVB3&pd_rd_r=b937aaeb-47b7-4f3a-873f-38212f97ef08&pd_rd_w=ynYvP&pd_rd_wg=RiNT5&pf_rd_p=455f48f6-6089-4c39-8af1-4593b3766b3c&pf_rd_r=0A73E2RPY0Y91407YTEJ&qid=1668802390&sprefix=sunscreen%2Caps%2C85&sr=1-1-0d6ca3d5-bd83-4d8e-b232-aa08677b2d9c,"BALI BODY Dark & Ultra Dark Self-Tanning Mousse | ​Enriched with nourishing oils and 100% natural DHA for smooth, hydrated and perfectly bronzed skin | 200ml/6.7fl oz | 100% Australian Made & Vegan",6.7 Fl Oz (Pack of 1),4.2 out of 5 stars,73,$30.95,,B09CHDLVB3,https://m.media-amazon.com/images/I/41GdKAH+UVL._AC_UL320_.jpg
1290,https://www.amazon.com/Obagi-Shield-Broad-Spectrum-Sunscreen/dp/B01CF4J540/ref=sxin_25_slmt_fabric_query_aware_gg_beauty?content-id=amzn1.sym.455f48f6-6089-4c39-8af1-4593b3766b3c%3Aamzn1.sym.455f48f6-6089-4c39-8af1-4593b3766b3c&crid=2QN1ORE9ZOFS5&cv_ct_cx=sunscreen&keywords=sunscreen&pd_rd_i=B01CF4J540&pd_rd_r=b937aaeb-47b7-4f3a-873f-38212f97ef08&pd_rd_w=ynYvP&pd_rd_wg=RiNT5&pf_rd_p=455f48f6-6089-4c39-8af1-4593b3766b3c&pf_rd_r=0A73E2RPY0Y91407YTEJ&qid=1668802390&sprefix=sunscreen%2Caps%2C85&sr=1-2-0d6ca3d5-bd83-4d8e-b232-aa08677b2d9c,Obagi Sun Shield Tint Broad Spectrum SPF 50 Sunscreen,3 Ounce (Pack of 1),4.7 out of 5 stars,758,$53.00,,B01CF4J540,https://m.media-amazon.com/images/I/61Ho7P8LJ2L._AC_UL320_.jpg
1291,https://www.amazon.com/Neutrogena-Moisturizing-Protection-Fragrance-Free-Oxybenzone-Free/dp/B09MV3MHJD/ref=sxin_25_slmt_fabric_query_aware_gg_beauty?content-id=amzn1.sym.455f48f6-6089-4c39-8af1-4593b3766b3c%3Aamzn1.sym.455f48f6-6089-4c39-8af1-4593b3766b3c&crid=2QN1ORE9ZOFS5&cv_ct_cx=sunscreen&keywords=sunscreen&pd_rd_i=B09MV3MHJD&pd_rd_r=b937aaeb-47b7-4f3a-873f-38212f97ef08&pd_rd_w=ynYvP&pd_rd_wg=RiNT5&pf_rd_p=455f48f6-6089-4c39-8af1-4593b3766b3c&pf_rd_r=0A73E2RPY0Y91407YTEJ&qid=1668802390&sprefix=sunscreen%2Caps%2C85&sr=1-3-0d6ca3d5-bd83-4d8e-b232-aa08677b2d9c,"Neutrogena Ultra Sheer Moisturizing Face Serum with Vitamin E & SPF 60+, All Day Facial Sunscreen Serum with Broad Spectrum UVA/UVB Protection, Fragrance-Free, Oxybenzone-Free, 1.7 oz",1.7 Fl Oz (Pack of 1),4.5 out of 5 stars,"1,331",$11.37,,B09MV3MHJD,https://m.media-amazon.com/images/I/61sIsf354vL._AC_UL320_.jpg
1292,https://www.amazon.com/Colorescience-Sunforgettable-Total-Protection-Shield/dp/B07FGL41R5/ref=sxin_25_slmt_fabric_query_aware_gg_beauty?content-id=amzn1.sym.455f48f6-6089-4c39-8af1-4593b3766b3c%3Aamzn1.sym.455f48f6-6089-4c39-8af1-4593b3766b3c&crid=2QN1ORE9ZOFS5&cv_ct_cx=sunscreen&keywords=sunscreen&pd_rd_i=B07FGL41R5&pd_rd_r=b937aaeb-47b7-4f3a-873f-38212f97ef08&pd_rd_w=ynYvP&pd_rd_wg=RiNT5&pf_rd_p=455f48f6-6089-4c39-8af1-4593b3766b3c&pf_rd_r=0A73E2RPY0Y91407YTEJ&qid=1668802390&sprefix=sunscreen%2Caps%2C85&sr=1-4-0d6ca3d5-bd83-4d8e-b232-aa08677b2d9c,"Colorescience Total Protection Face Shield SPF 50, 1.8 Fl Oz",1.86 Fl Oz (Pack of 1),4.5 out of 5 stars,"2,093",$42.00,,B07FGL41R5,https://m.media-amazon.com/images/I/61OnuxTQauL._AC_UL320_.jpg
1293,https://www.amazon.com/Colorescience-Protection-Sunscreen-Acne-Prone-Unscented/dp/B08CWG544R/ref=sxin_25_slmt_fabric_query_aware_gg_beauty?content-id=amzn1.sym.455f48f6-6089-4c39-8af1-4593b3766b3c%3Aamzn1.sym.455f48f6-6089-4c39-8af1-4593b3766b3c&crid=2QN1ORE9ZOFS5&cv_ct_cx=sunscreen&keywords=sunscreen&pd_rd_i=B08CWG544R&pd_rd_r=b937aaeb-47b7-4f3a-873f-38212f97ef08&pd_rd_w=ynYvP&pd_rd_wg=RiNT5&pf_rd_p=455f48f6-6089-4c39-8af1-4593b3766b3c&pf_rd_r=0A73E2RPY0Y91407YTEJ&qid=1668802390&sprefix=sunscreen%2Caps%2C85&sr=1-5-0d6ca3d5-bd83-4d8e-b232-aa08677b2d9c,"Colorescience Total Protection Sheer Matte SPF 30 Sunscreen Brush For Oily and Acne-Prone Skin, Unscented 0.15 Ounce",0.15 Ounce (Pack of 1),4.3 out of 5 stars,273,$38.50,,B08CWG544R,https://m.media-amazon.com/images/I/81MOoNvzvAL._AC_UL320_.jpg
1295,https://www.amazon.com/EltaMD-Sport-Sunscreen-Broad-Spectrum-SPF/dp/B001FYXA6G/ref=sr_1_14?crid=2QN1ORE9ZOFS5&keywords=sunscreen&qid=1668802390&sprefix=sunscreen%2Caps%2C85&sr=8-14,EltaMD UV Sport Broad Spectrum SPF 50 Sunscreen Sport Lotion,7 Ounce,4.7 out of 5 stars,"10,851",$53.00,"FREE delivery Fri, Nov 25 Or fastest delivery Sun, Nov 20|",B001FYXA6G,https://m.media-amazon.com/images/I/61Na3DI1luL._AC_UL320_.jpg
1296,https://www.amazon.com/Beauty-Joseon-Relief-50ml-1-69fl-oz/dp/B09JVNZVH3/ref=sr_1_15_mod_primary_new?crid=2QN1ORE9ZOFS5&keywords=sunscreen&qid=1668802390&sbo=RZvfv%2F%2FHxDF%2BO5021pAnSA%3D%3D&sprefix=sunscreen%2Caps%2C85&sr=8-15,"[Beauty of Joseon] Relief Sun (50ml, 1.69fl.oz)",1.69 Fl Oz (Pack of 1),4.7 out of 5 stars,363|Another way to buy|$14.00$14.00 ($8.28/Fl Oz) $17.60$17.60|$14.00$14.00 ($8.28/Fl Oz) $17.60$17.60|($8.28/Fl Oz)|Lowest price in 30 days|Lowest price in 30 days|FREE delivery Nov 28 - Dec 2 Or fastest delivery Nov 22 - 23,$14.95,"FREE delivery Fri, Nov 25 on $25 of items shipped by AmazonOr fastest delivery Sun, Nov 20||FREE delivery Nov 28 - Dec 2 Or fastest delivery Nov 22 - 23",B09JVNZVH3,https://m.media-amazon.com/images/I/41N2y292qrL._AC_UL320_.jpg
1297,https://www.amazon.com/Supergoop-Unseen-Sunscreen-SPF-1-7/dp/B08CFVM1TT/ref=sr_1_16?crid=2QN1ORE9ZOFS5&keywords=sunscreen&qid=1668802390&sprefix=sunscreen%2Caps%2C85&sr=8-16,"Supergoop! Unseen Sunscreen, 1.7 oz - SPF 40 PA+++ Reef-Friendly, Broad Spectrum Face Sunscreen & Makeup Primer - Weightless, Invisible, Oil Free & Scent Free - Beard Friendly - For All Skin Types",1.7 Fl Oz (Pack of 1),4.7 out of 5 stars,"11,418",$31.30,"FREE delivery Fri, Nov 25 Or fastest delivery Mon, Nov 21|",B08CFVM1TT,https://m.media-amazon.com/images/I/51bxb8YEZmL._AC_UL320_.jpg
1298,https://www.amazon.com/sspa/click?ie=UTF8&spc=MTo0NDc3OTc0MDk4MTA4MTczOjE2Njg4MDIzOTE6c3BfbXRmOjIwMDA5NzA4NzI1MjY5ODo6MDo6&url=%2FBanana-Boat-Sunscreen-Performance-Spectrum%2Fdp%2FB00B81XR1Y%2Fref%3Dsr_1_17_sspa%3Fcrid%3D2QN1ORE9ZOFS5%26keywords%3Dsunscreen%26qid%3D1668802390%26sprefix%3Dsunscreen%252Caps%252C85%26sr%3D8-17-spons%26sp_csd%3Dd2lkZ2V0TmFtZT1zcF9tdGY%26psc%3D1,"Banana Boat Sport Ultra, Reef Friendly, Broad Spectrum Sunscreen Spray, SPF 30, 6oz. - Twin Pack",Sponsored,4.7 out of 5 stars,"30,685",$12.49,"FREE delivery Fri, Nov 25 on $25 of items shipped by AmazonOr fastest delivery Tue, Nov 22|",B00B81XR1Y,https://m.media-amazon.com/images/I/71T25yOH+JL._AC_UL320_.jpg
1299,https://www.amazon.com/sspa/click?ie=UTF8&spc=MTo0NDc3OTc0MDk4MTA4MTczOjE2Njg4MDIzOTE6c3BfbXRmOjIwMDA1ODY1NTY5ODk5ODo6MDo6&url=%2FNeutrogena-Protection-Sunscreen-Water-Resistant-Lightweight%2Fdp%2FB07X1YDGSF%2Fref%3Dsr_1_18_sspa%3Fcrid%3D2QN1ORE9ZOFS5%26keywords%3Dsunscreen%26qid%3D1668802390%26sprefix%3Dsunscreen%252Caps%252C85%26sr%3D8-18-spons%26sp_csd%3Dd2lkZ2V0TmFtZT1zcF9tdGY%26psc%3D1,"Neutrogena Beach Defense Sunscreen Spray SPF 50 Water-Resistant Sunscreen Body Spray with Broad Spectrum SPF 50, PABA-Free, Oxybenzone-Free & Fast-Drying, Superior Sun Protection, 6.5 oz",Sponsored,4.7 out of 5 stars,"6,911",$8.99,"FREE delivery Fri, Nov 25 on $25 of items shipped by AmazonOr fastest delivery Tue, Nov 22|",B07X1YDGSF,https://m.media-amazon.com/images/I/71jh90rT6ZL._AC_UL320_.jpg
1300,https://www.amazon.com/sspa/click?ie=UTF8&spc=MTo0NDc3OTc0MDk4MTA4MTczOjE2Njg4MDIzOTE6c3BfbXRmOjIwMDA2Mzg2MzY5NjA5ODo6MDo6&url=%2FNeutrogena-Acne-Prone-Protection-Oxybenzone-Free-Non-Comedogenic%2Fdp%2FB08L88LZ4V%2Fref%3Dsr_1_19_sspa%3Fcrid%3D2QN1ORE9ZOFS5%26keywords%3Dsunscreen%26qid%3D1668802390%26sprefix%3Dsunscreen%252Caps%252C85%26sr%3D8-19-spons%26sp_csd%3Dd2lkZ2V0TmFtZT1zcF9tdGY%26psc%3D1,"Neutrogena Clear Face Liquid Lotion Sunscreen for Acne-Prone Skin, Broad Spectrum SPF 50 UVA/UVB Protection, Oil-, Fragrance- & Oxybenzone-Free Facial Sunscreen, Non-Comedogenic, 3 fl. oz",Sponsored,4.6 out of 5 stars,"18,615",$10.97,"FREE delivery Fri, Nov 25 on $25 of items shipped by AmazonOr fastest delivery Sun, Nov 20|",B08L88LZ4V,https://m.media-amazon.com/images/I/717swKW9rYL._AC_UL320_.jpg
1301,https://www.amazon.com/sspa/click?ie=UTF8&spc=MTo0NDc3OTc0MDk4MTA4MTczOjE2Njg4MDIzOTE6c3BfbXRmOjIwMDA1ODY1NTY5ODI5ODo6MDo6&url=%2FNeutrogena-Resistant-Sunscreen-Spectrum-Fast-Absorbing%2Fdp%2FB00AEN4QZ8%2Fref%3Dsr_1_20_sspa%3Fcrid%3D2QN1ORE9ZOFS5%26keywords%3Dsunscreen%26qid%3D1668802390%26sprefix%3Dsunscreen%252Caps%252C85%26sr%3D8-20-spons%26sp_csd%3Dd2lkZ2V0TmFtZT1zcF9tdGY%26psc%3D1,"Neutrogena Beach Defense Water Resistant Sunscreen Lotion with Broad Spectrum SPF 70, Oil-Free and PABA-Free Fast-Absorbing Sunscreen Lotion, UVA/UVB Sun Protection, SPF 70, 6.7 oz",Sponsored,4.7 out of 5 stars,"13,333",$8.97,"FREE delivery Fri, Nov 25 on $25 of items shipped by AmazonOr fastest delivery Sun, Nov 20|",B00AEN4QZ8,https://m.media-amazon.com/images/I/715U4OZgT-L._AC_UL320_.jpg
1302,https://www.amazon.com/Coppertone-Sunscreen-Resistant-Lotion-Spectrum/dp/B09P4DMFBZ/ref=sr_1_21?crid=2QN1ORE9ZOFS5&keywords=sunscreen&qid=1668802390&sprefix=sunscreen%2Caps%2C85&sr=8-21,"Coppertone SPORT Sunscreen SPF 70 Lotion, Water Resistant Sunscreen Lotion, Broad Spectrum SPF 70 Sunscreen, Bulk Sunscreen Pack, 7 Fl Oz Bottle, Pack of 2",3.5 Fl Oz (Pack of 2),4.7 out of 5 stars,853,$15.98,"FREE delivery Fri, Nov 25 on $25 of items shipped by AmazonOr fastest delivery Sun, Nov 20|",B09P4DMFBZ,https://m.media-amazon.com/images/I/71kg8TTIYBL._AC_UL320_.jpg
1303,https://www.amazon.com/Neutrogena-Resistant-Sunscreen-Spectrum-Fast-Absorbing/dp/B00AEN4QZ8/ref=sr_1_22?crid=2QN1ORE9ZOFS5&keywords=sunscreen&qid=1668802390&sprefix=sunscreen%2Caps%2C85&sr=8-22,"Neutrogena Beach Defense Water Resistant Sunscreen Lotion with Broad Spectrum SPF 70, Oil-Free and PABA-Free Fast-Absorbing Sunscreen Lotion, UVA/UVB Sun Protection, SPF 70, 6.7 oz",6.7 Fl Oz (Pack of 1),4.7 out of 5 stars,"13,333",$8.97,"FREE delivery Fri, Nov 25 on $25 of items shipped by AmazonOr fastest delivery Sun, Nov 20|",B00AEN4QZ8,https://m.media-amazon.com/images/I/715U4OZgT-L._AC_UL320_.jpg
1304,https://www.amazon.com/Neutrogena-Dry-Touch-Resistant-Non-Greasy-Sunscreen/dp/B004D2DR0Q/ref=sr_1_23?crid=2QN1ORE9ZOFS5&keywords=sunscreen&qid=1668802390&sprefix=sunscreen%2Caps%2C85&sr=8-23,"Neutrogena Ultra Sheer Dry-Touch Water Resistant and Non-Greasy Sunscreen Lotion with Broad Spectrum SPF 45, TSA-Compliant travel Size, 3 Fl Oz, Pack of 2, 6 Fl Oz",3 Fl Oz (Pack of 2),4.7 out of 5 stars,"12,303",$13.97,"FREE delivery Fri, Nov 25 on $25 of items shipped by AmazonOr fastest delivery Sun, Nov 20|",B004D2DR0Q,https://m.media-amazon.com/images/I/81QMd6vQMZL._AC_UL320_.jpg
1305,https://www.amazon.com/Sun-Bum-Moisturizing-Protection-Hypoallergenic/dp/B004XGLDG2/ref=sr_1_24?crid=2QN1ORE9ZOFS5&keywords=sunscreen&qid=1668802390&sprefix=sunscreen%2Caps%2C85&sr=8-24,Sun Bum Original SPF 70 Sunscreen Spray |Vegan and Reef Friendly (Octinoxate & Oxybenzone Free) Broad Spectrum Moisturizing UVA/UVB Sunscreen with Vitamin E | 6 oz,6 Fl Oz (Pack of 1),4.8 out of 5 stars,"3,160",$16.85,"FREE delivery on $25 shipped by Amazon.|Small Business|Small Business|Small Business|<img alt="""" src=""https://m.media-amazon.com/images/I/111mHoVK0kL._SS200_.png"" height=""50px"" width=""50px""/>  Small Business|<img alt="""" src=""https://m.media-amazon.com/images/I/111mHoVK0kL._SS200_.png"" height=""50px"" width=""50px""/>  Small Business",B004XGLDG2,https://m.media-amazon.com/images/I/61oJTc+BHIL._AC_UL320_.jpg|https://m.media-amazon.com/images/I/111mHoVK0kL._SS200_.png|
1306,https://www.amazon.com/Hawaiian-Tropic-Sunscreen-Moisturizing-Protection/dp/B084R247SP/ref=sr_1_25?crid=2QN1ORE9ZOFS5&keywords=sunscreen&qid=1668802390&sprefix=sunscreen%2Caps%2C85&sr=8-25,"Hawaiian Tropic SPF 50 Broad Spectrum Sunscreen, Sheer Touch Moisturizing Protection Sunscreen Lotion, Coconut, 16.0 Fl Oz , 2 Count (Pack of 1)",2 Count (Pack of 1),4.8 out of 5 stars,"1,704",$25.83,"FREE delivery Fri, Nov 25 Or fastest delivery Sun, Nov 20|",B084R247SP,https://m.media-amazon.com/images/I/71T9PuayW5L._AC_UL320_.jpg
1307,https://www.amazon.com/Neutrogena-Oil-Free-Sunscreen-Sweatproof-Waterproof/dp/B001P92FMG/ref=sr_1_26?crid=2QN1ORE9ZOFS5&keywords=sunscreen&qid=1668802390&sprefix=sunscreen%2Caps%2C85&sr=8-26,"Neutrogena Sport Face Oil-Free Lotion Sunscreen with Broad Spectrum SPF 70+, Sweatproof & Waterproof Active Sunscreen, 2.5 fl. Oz",2.5 Ounce (Pack of 1),4.7 out of 5 stars,"12,834",$8.97,"FREE delivery Fri, Nov 25 on $25 of items shipped by AmazonOr fastest delivery Sun, Nov 20|",B001P92FMG,https://m.media-amazon.com/images/I/71g0cZao4aL._AC_UL320_.jpg
1308,https://www.amazon.com/Coppertone-Continuous-Sunscreen-Spectrum-5-5-Ounce/dp/B074W9HR72/ref=sr_1_27?crid=2QN1ORE9ZOFS5&keywords=sunscreen&qid=1668802390&sprefix=sunscreen%2Caps%2C85&sr=8-27,"Coppertone SPORT Sunscreen Spray SPF 30, Water Resistant Spray Sunscreen, Broad Spectrum SPF 30 Sunscreen Pack, 5.5 Oz Spray, Pack of 2",5.5 Ounce (Pack of 2),4.8 out of 5 stars,"9,063",$11.97,"FREE delivery Fri, Nov 25 on $25 of items shipped by AmazonOr fastest delivery Tue, Nov 22|",B074W9HR72,https://m.media-amazon.com/images/I/71KD7V0SE1L._AC_UL320_.jpg
1309,https://www.amazon.com/Roche-Posay-Anthelios-Melt-Sunscreen-Milk/dp/B002CML1VG/ref=sr_1_28?crid=2QN1ORE9ZOFS5&keywords=sunscreen&qid=1668802390&sprefix=sunscreen%2Caps%2C85&sr=8-28,"La Roche-Posay Anthelios Melt In Milk Body & Face Sunscreen SPF 60, Oil Free Sunscreen for Sensitive Skin, Sport Sunscreen Lotion, Sun Protection & Sun Skin Care, Oxybenzone Free",5 Fl Oz (Pack of 1),4.6 out of 5 stars,"10,379",$35.99,"FREE delivery Fri, Nov 25 Or fastest delivery Sun, Nov 20|",B002CML1VG,https://m.media-amazon.com/images/I/61qA+KLguKL._AC_UL320_.jpg
1310,https://www.amazon.com/Bondi-Sands-Fragrance-Protection-Non-Greasy/dp/B08Q86TZMK/ref=sr_1_29?crid=2QN1ORE9ZOFS5&keywords=sunscreen&qid=1668802390&sprefix=sunscreen%2Caps%2C85&sr=8-29,"Bondi Sands Fragrance Free Daily Sunscreen Face Lotion SPF 50 | Hydrating UVA + UVB Protection, Non-Greasy, Gentle, Water Resistant | 2.53 Oz/75 mL",2.53 Fl Oz (Pack of 1),4.5 out of 5 stars,"3,163",$6.99,"FREE delivery Fri, Nov 25 on $25 of items shipped by AmazonOr fastest delivery Sun, Nov 20||Small Business|Small Business|Small Business|<img alt="""" src=""https://m.media-amazon.com/images/I/111mHoVK0kL._SS200_.png"" height=""50px"" width=""50px""/>  Small Business|<img alt="""" src=""https://m.media-amazon.com/images/I/111mHoVK0kL._SS200_.png"" height=""50px"" width=""50px""/>  Small Business",B08Q86TZMK,https://m.media-amazon.com/images/I/61u3MQN1UaS._AC_UL320_.jpg|https://m.media-amazon.com/images/I/111mHoVK0kL._SS200_.png|
1311,https://www.amazon.com/Amazon-Brand-Sunscreen-Spectrum-Protection/dp/B07PJV2Y37/ref=sr_1_30?crid=2QN1ORE9ZOFS5&keywords=sunscreen&qid=1668802390&sprefix=sunscreen%2Caps%2C85&sr=8-30,"Amazon Brand - Solimo Sport Sunscreen Lotion, SPF 30, Reef Friendly (Octinoxate & Oxybenzone Free), Broad Spectrum UVA/UVB Protection, 8 Fluid Ounce",8 Fl Oz (Pack of 1),4.6 out of 5 stars,"2,174",$4.88,"FREE delivery Fri, Nov 25 on $25 of items shipped by AmazonOr fastest delivery Sun, Nov 20|",B07PJV2Y37,https://m.media-amazon.com/images/I/71h4HRc0BOL._AC_UL320_.jpg
1312,https://www.amazon.com/Aveeno-Moisturizing-Weightless-Paraben-free-Oxybenzone-free/dp/B08K9HFC31/ref=sr_1_31?crid=2QN1ORE9ZOFS5&keywords=sunscreen&qid=1668802390&sprefix=sunscreen%2Caps%2C85&sr=8-31,"Aveeno Protect + Hydrate Moisturizing Body Sunscreen Lotion With Broad Spectrum Spf 60 & Prebiotic Oat, Weightless & Refreshing Feel, Paraben-free, Oil-free, Oxybenzone-free, 3.0 ounces",3 Fl Oz (Pack of 1),4.5 out of 5 stars,"3,898",$8.97,"FREE delivery Fri, Nov 25 on $25 of items shipped by AmazonOr fastest delivery Sun, Nov 20|",B08K9HFC31,https://m.media-amazon.com/images/I/71eCsjsLhCL._AC_UL320_.jpg
1313,https://www.amazon.com/Biore-Watery-Essence-Sunblock-Sunscreen/dp/B007WIVV10/ref=sr_1_32?crid=2QN1ORE9ZOFS5&keywords=sunscreen&qid=1668802390&sprefix=sunscreen%2Caps%2C85&sr=8-32,Bioré Japan Aqua Rich Watery Essence Sunblock Sunscreen Blue Spf50+ Pa+++,2.4 Ounce (Pack of 1),4.6 out of 5 stars,"1,486",$15.98,"FREE delivery Fri, Nov 25 on $25 of items shipped by AmazonOr fastest delivery Sun, Nov 20|",B007WIVV10,https://m.media-amazon.com/images/I/71dELEjKBLS._AC_UL320_.jpg
1314,https://www.amazon.com/sspa/click?ie=UTF8&spc=MTo0NDc3OTc0MDk4MTA4MTczOjE2Njg4MDIzOTE6c3BfbXRmOjIwMDAyNDcyMTE1NzIzMTo6MDo6&url=%2FSun-Bum-Moisturizing-SPF-Hypoallergenic%2Fdp%2FB004XGPM32%2Fref%3Dsr_1_33_sspa%3Fcrid%3D2QN1ORE9ZOFS5%26keywords%3Dsunscreen%26qid%3D1668802390%26sprefix%3Dsunscreen%252Caps%252C85%26sr%3D8-33-spons%26sp_csd%3Dd2lkZ2V0TmFtZT1zcF9tdGY%26psc%3D1,Sun Bum Original SPF 50 Sunscreen Lotion | Vegan and Reef Friendly (Octinoxate & Oxybenzone Free) Broad Spectrum Moisturizing UVA/UVB Sunscreen with Vitamin E | 8 oz,Sponsored,4.8 out of 5 stars,"25,325",$18.49,"FREE delivery Fri, Nov 25 on $25 of items shipped by AmazonOr fastest delivery Sun, Nov 20||Small Business|Small Business|Small Business|<img alt="""" src=""https://m.media-amazon.com/images/I/111mHoVK0kL._SS200_.png"" height=""50px"" width=""50px""/>  Small Business|<img alt="""" src=""https://m.media-amazon.com/images/I/111mHoVK0kL._SS200_.png"" height=""50px"" width=""50px""/>  Small Business",B004XGPM32,https://m.media-amazon.com/images/I/71Uq4bSF7xL._AC_UL320_.jpg|https://m.media-amazon.com/images/I/111mHoVK0kL._SS200_.png|
1315,https://www.amazon.com/sspa/click?ie=UTF8&spc=MTo0NDc3OTc0MDk4MTA4MTczOjE2Njg4MDIzOTE6c3BfbXRmOjIwMDA2OTM0MDQ4ODM5ODo6MDo6&url=%2FNeutrogena-Fullreach-Sunscreen-Lightweight-Non-Comedogenic%2Fdp%2FB076GZX3KL%2Fref%3Dsr_1_34_sspa%3Fcrid%3D2QN1ORE9ZOFS5%26keywords%3Dsunscreen%26qid%3D1668802390%26sprefix%3Dsunscreen%252Caps%252C85%26sr%3D8-34-spons%26sp_csd%3Dd2lkZ2V0TmFtZT1zcF9tdGY%26psc%3D1,"Neutrogena Ultra Sheer Body Mist Sunscreen Spray Broad Spectrum SPF 70, Lightweight, Non-Greasy & Water Resistant, Oil-Free & Non-Comedogenic UVA/UVB Sunscreen Mist, 5 oz (Pack of 3)",Sponsored,4.7 out of 5 stars,"1,862",$26.97,"FREE delivery Fri, Nov 25 Or fastest delivery Tue, Nov 22|",B076GZX3KL,https://m.media-amazon.com/images/I/71i60GBd2zL._AC_UL320_.jpg
1316,https://www.amazon.com/sspa/click?ie=UTF8&spc=MTo0NDc3OTc0MDk4MTA4MTczOjE2Njg4MDIzOTE6c3BfbXRmOjIwMDA2Mzg2MzY5NjI5ODo6MDo6&url=%2FNeutrogena-Oil-Free-Sunscreen-Sweatproof-Waterproof%2Fdp%2FB001P92FMG%2Fref%3Dsr_1_35_sspa%3Fcrid%3D2QN1ORE9ZOFS5%26keywords%3Dsunscreen%26qid%3D1668802390%26sprefix%3Dsunscreen%252Caps%252C85%26sr%3D8-35-spons%26sp_csd%3Dd2lkZ2V0TmFtZT1zcF9tdGY%26psc%3D1,"Neutrogena Sport Face Oil-Free Lotion Sunscreen with Broad Spectrum SPF 70+, Sweatproof & Waterproof Active Sunscreen, 2.5 fl. Oz",Sponsored,4.7 out of 5 stars,"12,834",$8.97,"FREE delivery Fri, Nov 25 on $25 of items shipped by AmazonOr fastest delivery Sun, Nov 20|",B001P92FMG,https://m.media-amazon.com/images/I/71g0cZao4aL._AC_UL320_.jpg
1317,https://www.amazon.com/sspa/click?ie=UTF8&spc=MTo0NDc3OTc0MDk4MTA4MTczOjE2Njg4MDIzOTE6c3BfbXRmOjIwMDA1ODY1NTY5ODY5ODo6MDo6&url=%2FNeutrogena-Non-Greasy-Moisturizing-Sunscreen-Water-Resistant%2Fdp%2FB0771GYTB3%2Fref%3Dsr_1_36_sspa%3Fcrid%3D2QN1ORE9ZOFS5%26keywords%3Dsunscreen%26qid%3D1668802390%26sprefix%3Dsunscreen%252Caps%252C85%26sr%3D8-36-spons%26sp_csd%3Dd2lkZ2V0TmFtZT1zcF9tdGY%26psc%3D1,"Neutrogena Hydro Boost Moisturizing Water Gel Sunscreen Lotion with Broad Spectrum SPF 50, Water-Resistant & Non-Greasy Hydrating Sunscreen Lotion, Oil-Free, 3 fl. oz (Pack of 3)",Sponsored,4.5 out of 5 stars,"1,536",$29.91,"FREE delivery Fri, Nov 25 Or fastest delivery Sun, Nov 20|",B0771GYTB3,https://m.media-amazon.com/images/I/915dCY4FGTL._AC_UL320_.jpg
1318,https://www.amazon.com/Coppertone-Sunscreen-Lotion-Resistant-Spectrum/dp/B09Q3Q5QZT/ref=sr_1_37?crid=2QN1ORE9ZOFS5&keywords=sunscreen&qid=1668802390&sprefix=sunscreen%2Caps%2C85&sr=8-37,"Coppertone SPORT Sunscreen SPF 50 Lotion, Water Resistant Sunscreen, Broad Spectrum SPF 50 Sunscreen, Bulk Sunscreen Pack, 7 Fl Oz Bottle, Pack of 2",3.5 Fl Oz (Pack of 2),4.7 out of 5 stars,606,$13.98,"FREE delivery Fri, Nov 25 on $25 of items shipped by AmazonOr fastest delivery Sun, Nov 20|",B09Q3Q5QZT,https://m.media-amazon.com/images/I/61BLijzd0ZL._AC_UL320_.jpg
1319,https://www.amazon.com/Roche-Posay-Anthelios-Clear-Skin-Sunscreen/dp/B01A0NT3D6/ref=sr_1_38?crid=2QN1ORE9ZOFS5&keywords=sunscreen&qid=1668802390&sprefix=sunscreen%2Caps%2C85&sr=8-38,"La Roche-Posay Anthelios Clear Skin Dry Touch Sunscreen SPF 60, Oil Free Face Sunscreen for Acne Prone Skin, Won't Cause Breakouts, Non-Greasy, Oxybenzone Free",1.7 Fl Oz (Pack of 1),4.5 out of 5 stars,"12,077",$19.99,"FREE delivery Fri, Nov 25 on $25 of items shipped by AmazonOr fastest delivery Sun, Nov 20|",B01A0NT3D6,https://m.media-amazon.com/images/I/619LhHSBBpL._AC_UL320_.jpg
1320,https://www.amazon.com/EltaMD-Sunscreen-Moisturizer-Hyaluronic-Hydrating/dp/B00464EC1E/ref=sr_1_39?crid=2QN1ORE9ZOFS5&keywords=sunscreen&qid=1668802390&sprefix=sunscreen%2Caps%2C85&sr=8-39,"EltaMD UV Daily Face Sunscreen Moisturizer with Hyaluronic Acid, Broad Spectrum SPF 40, Non greasy, Sheer Zinc Oxide Lotion, Mineral-Based UVA, UVB Sun Protection, 1.7 oz",1.7 Ounce (Pack of 1),4.7 out of 5 stars,"15,034",$32.50,"FREE delivery Fri, Nov 25 Or fastest delivery Sun, Nov 20|",B00464EC1E,https://m.media-amazon.com/images/I/61yizHyFk4L._AC_UL320_.jpg
1321,https://www.amazon.com/Banana-Boat-Performance-Sunscreens-Technology/dp/B0030ZEGDY/ref=sr_1_40?crid=2QN1ORE9ZOFS5&keywords=sunscreen&qid=1668802390&sprefix=sunscreen%2Caps%2C85&sr=8-40,"Banana Boat Ultra Sport Sunscreen Lotion, Broad Spectrum, SPF 30, 8oz.",8 Fl Oz (Pack of 1),4.7 out of 5 stars,"15,707",$6.97,"FREE delivery Fri, Nov 25 on $25 of items shipped by AmazonOr fastest delivery Tue, Nov 22|",B0030ZEGDY,https://m.media-amazon.com/images/I/71alXyECmDL._AC_UL320_.jpg
1322,https://www.amazon.com/Babo-Botanicals-Continuous-Fragrance-Sunscreen/dp/B01ALT5MKW/ref=sr_1_41?crid=2QN1ORE9ZOFS5&keywords=sunscreen&qid=1668802390&sprefix=sunscreen%2Caps%2C85&sr=8-41,"Babo Botanicals Sheer Zinc Continuous Spray Sunscreen SPF 30 with 100% Mineral Active, Non-Nano, Water-Resistant, Reef-Friendly, Fragrance-Free, Vegan, For Babies, Kids or Sensitive Skin - 6 oz.",6 Fl Oz (Pack of 1),4.3 out of 5 stars,"4,440",$18.99,"FREE delivery Fri, Nov 25 on $25 of items shipped by AmazonOr fastest delivery Wed, Nov 23|",B01ALT5MKW,https://m.media-amazon.com/images/I/61dRuHh2+KL._AC_UL320_.jpg
1323,https://www.amazon.com/Blue-Lizard-Sensitive-Mineral-Sunscreen/dp/B083VY5GVN/ref=sr_1_42?crid=2QN1ORE9ZOFS5&keywords=sunscreen&qid=1668802390&sprefix=sunscreen%2Caps%2C85&sr=8-42,"BLUE LIZARD Sensitive Mineral Sunscreen with Zinc Oxide, SPF 50+, Water Resistant, UVA/UVB Protection with Smart Bottle Technology - Fragrance Free, 5 oz",5 Fl Oz (Pack of 1),4.7 out of 5 stars,"12,246",$14.98,"FREE delivery Fri, Nov 25 on $25 of items shipped by AmazonOr fastest delivery Sun, Nov 20|",B083VY5GVN,https://m.media-amazon.com/images/I/71mul94BztL._AC_UL320_.jpg
1324,https://www.amazon.com/Neutrogena-Sunscreen-Acne-Prone-Spectrum-Fragrance-Free/dp/B004D2C5FY/ref=sr_1_43?crid=2QN1ORE9ZOFS5&keywords=sunscreen&qid=1668802390&sprefix=sunscreen%2Caps%2C85&sr=8-43,"Neutrogena Clear Face Liquid Sunscreen for Acne-Prone Skin, Broad Spectrum SPF 30 Sunscreen Lotion with Helioplex, Oxybenzone-Free, Oil-Free, Fragrance-Free; Non-Comedogenic, 3 fl. oz",3 Fl Oz (Pack of 1),4.6 out of 5 stars,"18,615",$7.97,"FREE delivery Fri, Nov 25 on $25 of items shipped by AmazonOr fastest delivery Sun, Nov 20|",B004D2C5FY,https://m.media-amazon.com/images/I/61DcaMUC1UL._AC_UL320_.jpg
1325,https://www.amazon.com/Supergoop-PLAY-Everyday-SPF-Lotion/dp/B08JZGRQB5/ref=sr_1_44?crid=2QN1ORE9ZOFS5&keywords=sunscreen&qid=1668802390&sprefix=sunscreen%2Caps%2C85&sr=8-44,"Supergoop! PLAY Everyday SPF 50 Lotion, 2.4 fl oz - 2 Pack - Reef-Friendly, Broad Spectrum Sunscreen for Sensitive Skin - Water & Sweat Resistant Body & Face Sunscreen - Clean Ingredients",2.4 Fl Oz (Pack of 2),4.7 out of 5 stars,"6,100",$44.00,"FREE delivery Fri, Nov 25 Or fastest delivery Mon, Nov 21|",B08JZGRQB5,https://m.media-amazon.com/images/I/61YzdS+8SAL._AC_UL320_.jpg
1326,https://www.amazon.com/Banana-Boat-Sunscreen-Lotion-Formula/dp/B004CDV7EY/ref=sr_1_45?crid=2QN1ORE9ZOFS5&keywords=sunscreen&qid=1668802390&sprefix=sunscreen%2Caps%2C85&sr=8-45,"Banana Boat Ultra Sport Sunscreen Lotion, Broad Spectrum, SPF 50, 12oz.",12 Fl Oz (Pack of 1),4.7 out of 5 stars,"12,818",$18.06,FREE delivery Nov 30 - Dec 6 Or fastest delivery Nov 23 - 29,B004CDV7EY,https://m.media-amazon.com/images/I/71wcbObNDKL._AC_UL320_.jpg
1327,https://www.amazon.com/EltaMD-Physical-Tinted-Sunscreen-Broad-Spectrum/dp/B00C8FVZZY/ref=sr_1_46?crid=2QN1ORE9ZOFS5&keywords=sunscreen&qid=1668802390&sprefix=sunscreen%2Caps%2C85&sr=8-46,"EltaMD UV Physical SPF 41 Tinted Mineral Sunscreen, Chemical-Free Actives Physical Sunscreen for Face, Protects Sensitive Skin and Post-Procedure Skin, 3 Ounce (Pack of 1)",3 Ounce (Pack of 1),4.6 out of 5 stars,"12,078",$36.50,"FREE delivery Fri, Nov 25 Or fastest delivery Sun, Nov 20|",B00C8FVZZY,https://m.media-amazon.com/images/I/61HVhLOoTDL._AC_UL320_.jpg
1328,https://www.amazon.com/Neutrogena-Fullreach-Sunscreen-Lightweight-Non-Comedogenic/dp/B076GZX3KL/ref=sr_1_47?crid=2QN1ORE9ZOFS5&keywords=sunscreen&qid=1668802390&sprefix=sunscreen%2Caps%2C85&sr=8-47,"Neutrogena Ultra Sheer Body Mist Sunscreen Spray Broad Spectrum SPF 70, Lightweight, Non-Greasy & Water Resistant, Oil-Free & Non-Comedogenic UVA/UVB Sunscreen Mist, 5 oz (Pack of 3)",5 Ounce (Pack of 3),4.7 out of 5 stars,"1,862",$26.97,"FREE delivery Fri, Nov 25 Or fastest delivery Tue, Nov 22|",B076GZX3KL,https://m.media-amazon.com/images/I/71i60GBd2zL._AC_UL320_.jpg
1329,https://www.amazon.com/Sun-Bum-Mineral-Sunscreen-Fragrance/dp/B008XJ7F1W/ref=sr_1_48?crid=2QN1ORE9ZOFS5&keywords=sunscreen&qid=1668802390&sprefix=sunscreen%2Caps%2C85&sr=8-48,Baby Bum SPF 50 Sunscreen Lotion | Mineral UVA/UVB Face and Body Protection for Sensitive Skin | Fragrance Free | Travel Size | 3 FL OZ,3 Fl Oz (Pack of 1),4.8 out of 5 stars,"5,675",$13.99,"FREE delivery Fri, Nov 25 on $25 of items shipped by AmazonOr fastest delivery Sun, Nov 20||Small Business|Small Business|Small Business|<img alt="""" src=""https://m.media-amazon.com/images/I/111mHoVK0kL._SS200_.png"" height=""50px"" width=""50px""/>  Small Business|<img alt="""" src=""https://m.media-amazon.com/images/I/111mHoVK0kL._SS200_.png"" height=""50px"" width=""50px""/>  Small Business",B008XJ7F1W,https://m.media-amazon.com/images/I/71gCYU9FXUL._AC_UL320_.jpg|https://m.media-amazon.com/images/I/111mHoVK0kL._SS200_.png|
1330,https://www.amazon.com/Neutrogena-Sunscreen-Lightweight-Water-Resistant-PABA-Free/dp/B00HNSSV0S/ref=sr_1_49?crid=2QN1ORE9ZOFS5&keywords=sunscreen&qid=1668802390&sprefix=sunscreen%2Caps%2C85&sr=8-49,"Neutrogena Beach Defense Water-Resistant Sunscreen Stick with Broad Spectrum SPF 50+, PABA-Free and Oxybenzone-Free, UVA/UVB Protection, Face & Body Sunscreen Stick, 1.5 oz",1.5 Ounce (Pack of 1),4.7 out of 5 stars,"4,924",$8.99,"FREE delivery Fri, Nov 25 on $25 of items shipped by AmazonOr fastest delivery Sun, Nov 20|",B00HNSSV0S,https://m.media-amazon.com/images/I/71a9OXLuhlL._AC_UL320_.jpg
1331,https://www.amazon.com/Sunscreen-Broad-Spectrum-Acne-Prone-Dermatologist-Recommended-Mineral-Based/dp/B00ZPWR0N8/ref=sr_1_50?crid=2QN1ORE9ZOFS5&keywords=sunscreen&qid=1668802390&sprefix=sunscreen%2Caps%2C85&sr=8-50,"EltaMD UV Clear SPF 46 Tinted Face Sunscreen, Broad Spectrum Sunscreen for Sensitive Skin and Acne-Prone Skin, Oil-Free Mineral-Based Sunscreen, Sheer Face Sunscreen with Zinc Oxide, 1.7 oz Pump",1.7 Ounce (Pack of 1),4.7 out of 5 stars,"13,216",$41.00,"FREE delivery Fri, Nov 25 Or fastest delivery Sun, Nov 20|",B00ZPWR0N8,https://m.media-amazon.com/images/I/614twrFjf5L._AC_UL320_.jpg
1332,https://www.amazon.com/Coppertone-Sunscreen-Resistant-Lotion-Spectrum/dp/B09P4CL9BH/ref=sr_1_51?crid=2QN1ORE9ZOFS5&keywords=sunscreen&qid=1668802390&sprefix=sunscreen%2Caps%2C85&sr=8-51,"Coppertone SPORT Sunscreen SPF 30, Water Resistant Sunscreen Lotion, Broad Spectrum SPF 30 Sunscreen, Bulk Sunscreen Pack, 7 Fl Oz Bottle, Pack of 2",3.5 Fl Oz (Pack of 2),4.8 out of 5 stars,692,$13.98,"FREE delivery Fri, Nov 25 on $25 of items shipped by AmazonOr fastest delivery Sun, Nov 20|",B09P4CL9BH,https://m.media-amazon.com/images/I/711iJM5atzL._AC_UL320_.jpg
1333,https://www.amazon.com/Australian-Gold-Botanical-Medium-Tan-Antioxidant/dp/B07YZRT2S8/ref=sr_1_52?crid=2QN1ORE9ZOFS5&keywords=sunscreen&qid=1668802390&sprefix=sunscreen%2Caps%2C85&sr=8-52,"Australian Gold Botanical Sunscreen Tinted Face BB Cream SPF 50, 3 Ounce | Medium-Tan | Broad Spectrum | Water Resistant | Vegan | Antioxidant Rich",3 Fl Oz (Pack of 1),4.5 out of 5 stars,"29,214",$11.90,"FREE delivery Fri, Nov 25 on $25 of items shipped by AmazonOr fastest delivery Sun, Nov 20|",B07YZRT2S8,https://m.media-amazon.com/images/I/61knhUlz2qL._AC_UL320_.jpg
1334,https://www.amazon.com/Banana-Boat-UltraMist-Protect-Sunscreen/dp/B004CDRVB2/ref=sr_1_53?crid=2QN1ORE9ZOFS5&keywords=sunscreen&qid=1668802390&sprefix=sunscreen%2Caps%2C85&sr=8-53,Banana Boat UltraMist Kids MAX Protect & Play Clear Spray Sunscreen SPF 100: 6 OZ,6 Fl Oz (Pack of 1),4.8 out of 5 stars,"2,748",$9.97,"FREE delivery Fri, Nov 25 on $25 of items shipped by AmazonOr fastest delivery Tue, Nov 22|",B004CDRVB2,https://m.media-amazon.com/images/I/718Ctyg1g6L._AC_UL320_.jpg
1335,https://www.amazon.com/CeraVe-Sunscreen-Mineral-Adults-Fragrance/dp/B00CICLTAI/ref=sr_1_54?crid=2QN1ORE9ZOFS5&keywords=sunscreen&qid=1668802390&sprefix=sunscreen%2Caps%2C85&sr=8-54,"CeraVe Mineral Sunscreen Stick for Kids & Adults | 100% Mineral Sunscreen, Zinc Oxide & Titanium Dioxide with Hyaluronic Acid and Ceramides | Broad Spectrum SPF 50 | Fragrance Free | 0.47 Ounce",0.47 Ounce (Pack of 1),4.5 out of 5 stars,"3,595",$8.99,"FREE delivery Fri, Nov 25 on $25 of items shipped by AmazonOr fastest delivery Mon, Nov 21|",B00CICLTAI,https://m.media-amazon.com/images/I/71nKsPX-l3L._AC_UL320_.jpg
1336,https://www.amazon.com/Thinkbaby-Safe-Sunscreen-SPF-ounce/dp/B00JJZN1HG/ref=sr_1_55?crid=2QN1ORE9ZOFS5&keywords=sunscreen&qid=1668802390&sprefix=sunscreen%2Caps%2C85&sr=8-55,"Thinkbaby SPF 50+ Baby Sunscreen – Safe, Natural Sunblock for Babies - Water Resistant Sun Cream – Broad Spectrum UVA/UVB Sun Protection – Vegan Mineral Sun Lotion, 6oz",6 Ounce (Pack of 1),4.7 out of 5 stars,"8,878",$17.59,"FREE delivery Fri, Nov 25 on $25 of items shipped by AmazonOr fastest delivery Sun, Nov 20||Small Business|Small Business|Small Business|<img alt="""" src=""https://m.media-amazon.com/images/I/111mHoVK0kL._SS200_.png"" height=""50px"" width=""50px""/>  Small Business|<img alt="""" src=""https://m.media-amazon.com/images/I/111mHoVK0kL._SS200_.png"" height=""50px"" width=""50px""/>  Small Business",B00JJZN1HG,https://m.media-amazon.com/images/I/51nuag8BDnL._AC_UL320_.jpg|https://m.media-amazon.com/images/I/111mHoVK0kL._SS200_.png|
1337,https://www.amazon.com/EltaMD-Anti-Aging-Sunscreen-Broad-Spectrum-Moisturizer/dp/B08FW63P3B/ref=sr_1_56?crid=2QN1ORE9ZOFS5&keywords=sunscreen&qid=1668802390&sprefix=sunscreen%2Caps%2C85&sr=8-56,"EltaMD UV Restore SPF 40 Anti Aging Face Moisturizer For Women, Broad Spectrum Physical Sunscreen with Zinc Oxide, Tinted Face Sunscreen, Anti Aging Moisturizer, Improves Skin Smoothness, 2 OZ Tube",2 Ounce (Pack of 1),4.6 out of 5 stars,"2,125",$41.00,"FREE delivery Fri, Nov 25 Or fastest delivery Sun, Nov 20|",B08FW63P3B,https://m.media-amazon.com/images/I/61f+tn8GZwL._AC_UL320_.jpg
1338,https://www.amazon.com/Pipette-Sunscreen-Spectrum-Non-nano-4-Fluid-Ounce/dp/B085Z49QW6/ref=sr_1_57?crid=2QN1ORE9ZOFS5&keywords=sunscreen&qid=1668802390&sprefix=sunscreen%2Caps%2C85&sr=8-57,"Pipette Mineral Sunscreen - SPF 50 Broad Spectrum Baby Sunblock with Non-Nano Zinc, UVB/UVA Non-Toxic Sun Protection for Kids & Sensitive Skin, 4 fl oz",4 Fl Oz (Pack of 1),4.4 out of 5 stars,"3,380",$11.84,"FREE delivery Wed, Nov 30 on $25 of items shipped by AmazonOr fastest delivery Mon, Nov 21||Small Business|Small Business|Small Business|<img alt="""" src=""https://m.media-amazon.com/images/I/111mHoVK0kL._SS200_.png"" height=""50px"" width=""50px""/>  Small Business|<img alt="""" src=""https://m.media-amazon.com/images/I/111mHoVK0kL._SS200_.png"" height=""50px"" width=""50px""/>  Small Business",B085Z49QW6,https://m.media-amazon.com/images/I/51r1QqNSIpL._AC_UL320_.jpg|https://m.media-amazon.com/images/I/111mHoVK0kL._SS200_.png|
1339,https://www.amazon.com/innisfree-Defense-Sunscreen-Spectrum-Lotion/dp/B08WZS7LVN/ref=sr_1_58?crid=2QN1ORE9ZOFS5&keywords=sunscreen&qid=1668802390&sprefix=sunscreen%2Caps%2C85&sr=8-58,innisfree Daily UV SPF Sunscreen Broad Spectrum,1.69 Fl Oz (Pack of 1),4.6 out of 5 stars,"2,916",$15.00,"FREE delivery Fri, Nov 25 on $25 of items shipped by AmazonOr fastest delivery Sun, Nov 20|",B08WZS7LVN,https://m.media-amazon.com/images/I/510oWBp5lhS._AC_UL320_.jpg
1340,https://www.amazon.com/Roche-Posay-Anthelios-Cooling-Lotion-Sunscreen/dp/B00TBJWP9K/ref=sr_1_59?crid=2QN1ORE9ZOFS5&keywords=sunscreen&qid=1668802390&sprefix=sunscreen%2Caps%2C85&sr=8-59,"La Roche-Posay Anthelios Cooling Water Lotion Sunscreen for Body and Face, Broad Spectrum Sunscreen SPF, Absorbs Quickly, Water Resistant Every Day Sun Protection for Sensitive Skin",5 Fl Oz (Pack of 1),4.7 out of 5 stars,"1,884",$37.99,"FREE delivery Fri, Nov 25 Or fastest delivery Sun, Nov 20|",B00TBJWP9K,https://m.media-amazon.com/images/I/71hR73l-cfL._AC_UL320_.jpg
1341,https://www.amazon.com/Sunscreen-Spectrum-Lightweight-Resistant-Friendly/dp/B07S3TZFL9/ref=sr_1_60?crid=2QN1ORE9ZOFS5&keywords=sunscreen&qid=1668802390&sprefix=sunscreen%2Caps%2C85&sr=8-60,"COOLA Organic Face Sunscreen SPF 50 Sunblock Lotion, Dermatologist Tested Skin Care for Daily Protection, Vegan and Gluten Free, Fragrance Free, 1.7 Fl Oz.",1.7 Fl Oz (Pack of 1),4.7 out of 5 stars,"1,818",$32.00,"FREE delivery Fri, Nov 25 Or fastest delivery Sun, Nov 20||Small Business|Small Business|Small Business|<img alt="""" src=""https://m.media-amazon.com/images/I/111mHoVK0kL._SS200_.png"" height=""50px"" width=""50px""/>  Small Business|<img alt="""" src=""https://m.media-amazon.com/images/I/111mHoVK0kL._SS200_.png"" height=""50px"" width=""50px""/>  Small Business",B07S3TZFL9,https://m.media-amazon.com/images/I/511T5bUoW6L._AC_UL320_.jpg|https://m.media-amazon.com/images/I/111mHoVK0kL._SS200_.png|
1342,https://www.amazon.com/EltaMD-Acne-Prone-Mineral-Based-Dermatologist-Recommended/dp/B002MSN3QQ/ref=sxbs_aspa_sqa?content-id=amzn1.sym.f083991a-4799-4628-9c0f-265d31202d6a%3Aamzn1.sym.f083991a-4799-4628-9c0f-265d31202d6a&crid=2QN1ORE9ZOFS5&cv_ct_cx=sunscreen&keywords=sunscreen&pd_rd_i=B002MSN3QQ&pd_rd_r=940e4ec1-1578-414d-a6c1-4359241af001&pd_rd_w=6rLWN&pd_rd_wg=dCw3M&pf_rd_p=f083991a-4799-4628-9c0f-265d31202d6a&pf_rd_r=0A73E2RPY0Y91407YTEJ&qid=1668802390&sprefix=sunscreen%2Caps%2C85&sr=1-1-e8b8f74c-74f5-4c4f-a6e6-031fece62d61,"EltaMD UV Clear SPF 46 Face Sunscreen, Broad Spectrum Sunscreen for Sensitive Skin and Acne-Prone Skin, Oil-Free Mineral-Based Sunscreen Lotion with Zinc Oxide, Dermatologist Recommended, 1.7 oz Pump",Source,4.7 out of 5 stars|4.7 out of 5 stars|4.8 out of 5 stars|4.8 out of 5 stars|4.6 out of 5 stars|4.6 out of 5 stars|4.6 out of 5 stars|4.5 out of 5 stars,"34,459|30,685|1,068|1,151|18,615|66,731|13,376|12,077",$39.00,"FREE delivery Fri, Nov 25 Or fastest delivery Sun, Nov 20||FREE delivery Tue, Nov 29 Or fastest delivery Nov 22 - 23|FREE delivery Fri, Nov 25 on $25 of items shipped by AmazonOr fastest delivery Sun, Nov 20||FREE delivery Fri, Nov 25 on $25 of items shipped by AmazonOr fastest delivery Sun, Nov 20||FREE delivery Fri, Nov 25 on $25 of items shipped by AmazonOr fastest delivery Sun, Nov 20||FREE delivery Tue, Nov 29 on $25 of items shipped by Amazon||FREE delivery Tue, Nov 29 on $25 of items shipped by AmazonOr fastest delivery Wed, Nov 23||FREE delivery Fri, Nov 25 on $25 of items shipped by AmazonOr fastest delivery Sun, Nov 20|",,https://m.media-amazon.com/images/G/01/Lagoon/web.png|https://m.media-amazon.com/images/I/61xlIIwBhyL._AC_UL320_.jpg|https://m.media-amazon.com/images/I/710MMqPeVgL._AC_UL320_.jpg|https://m.media-amazon.com/images/I/51Cg8epNjpL._AC_UL320_.jpg|https://m.media-amazon.com/images/I/71I+WE0s1gL._AC_UL320_.jpg|https://m.media-amazon.com/images/G/01/Lagoon/web.png|https://m.media-amazon.com/images/G/01/Lagoon/web.png|https://m.media-amazon.com/images/G/01/Lagoon/web.png|https://m.media-amazon.com/images/I/61DcaMUC1UL._AC_UL320_.jpg|https://m.media-amazon.com/images/I/71J0BtuYB2L._AC_UL320_.jpg|https://m.media-amazon.com/images/I/61005K7VJFL._AC_UL320_.jpg|https://m.media-amazon.com/images/I/619LhHSBBpL._AC_UL320_.jpg
1343,https://www.amazon.com/EltaMD-Acne-Prone-Mineral-Based-Dermatologist-Recommended/dp/B002MSN3QQ/ref=sxbs_aspa_sqa?content-id=amzn1.sym.f083991a-4799-4628-9c0f-265d31202d6a%3Aamzn1.sym.f083991a-4799-4628-9c0f-265d31202d6a&crid=2QN1ORE9ZOFS5&cv_ct_cx=sunscreen&keywords=sunscreen&pd_rd_i=B002MSN3QQ&pd_rd_r=940e4ec1-1578-414d-a6c1-4359241af001&pd_rd_w=6rLWN&pd_rd_wg=dCw3M&pf_rd_p=f083991a-4799-4628-9c0f-265d31202d6a&pf_rd_r=0A73E2RPY0Y91407YTEJ&qid=1668802390&sprefix=sunscreen%2Caps%2C85&sr=1-1-e8b8f74c-74f5-4c4f-a6e6-031fece62d61,"EltaMD UV Clear SPF 46 Face Sunscreen, Broad Spectrum Sunscreen for Sensitive Skin and Acne-Prone Skin, Oil-Free Mineral-Based Sunscreen Lotion with Zinc Oxide, Dermatologist Recommended, 1.7 oz Pump",1.7 Ounce (Pack of 1),4.7 out of 5 stars,"34,459",$39.00,"FREE delivery Fri, Nov 25 Or fastest delivery Sun, Nov 20|",B002MSN3QQ,https://m.media-amazon.com/images/I/61xlIIwBhyL._AC_UL320_.jpg
1344,https://www.amazon.com/Banana-Boat-Sunscreen-Performance-Spectrum/dp/B01MQXX9US/ref=sxbs_aspa_sqa?content-id=amzn1.sym.f083991a-4799-4628-9c0f-265d31202d6a%3Aamzn1.sym.f083991a-4799-4628-9c0f-265d31202d6a&crid=2QN1ORE9ZOFS5&cv_ct_cx=sunscreen&keywords=sunscreen&pd_rd_i=B01MQXX9US&pd_rd_r=940e4ec1-1578-414d-a6c1-4359241af001&pd_rd_w=6rLWN&pd_rd_wg=dCw3M&pf_rd_p=f083991a-4799-4628-9c0f-265d31202d6a&pf_rd_r=0A73E2RPY0Y91407YTEJ&qid=1668802390&sprefix=sunscreen%2Caps%2C85&sr=1-3-e8b8f74c-74f5-4c4f-a6e6-031fece62d61,"Banana Boat Sport Ultra Sunscreen Spray, Broad Spectrum, SPF 50, 6oz. - Twin Pack",6 Ounce (Pack of 2),4.7 out of 5 stars,"30,685",$11.70,"FREE delivery Tue, Nov 29 Or fastest delivery Nov 22 - 23",B01MQXX9US,https://m.media-amazon.com/images/I/710MMqPeVgL._AC_UL320_.jpg
1345,https://www.amazon.com/Beauty-Joseon-Relief-2pack-1-69fl-oz/dp/B09X9P19RK/ref=sxbs_aspa_sqa?content-id=amzn1.sym.f083991a-4799-4628-9c0f-265d31202d6a%3Aamzn1.sym.f083991a-4799-4628-9c0f-265d31202d6a&crid=2QN1ORE9ZOFS5&cv_ct_cx=sunscreen&keywords=sunscreen&pd_rd_i=B09X9P19RK&pd_rd_r=940e4ec1-1578-414d-a6c1-4359241af001&pd_rd_w=6rLWN&pd_rd_wg=dCw3M&pf_rd_p=f083991a-4799-4628-9c0f-265d31202d6a&pf_rd_r=0A73E2RPY0Y91407YTEJ&qid=1668802390&sprefix=sunscreen%2Caps%2C85&sr=1-5-e8b8f74c-74f5-4c4f-a6e6-031fece62d61,"[Beauty of Joseon] Relief Sun Set(2pack) (50ml, 1.69fl.oz)",1.69 Fl Oz (Pack of 2),4.8 out of 5 stars,"1,068",$24.03,"FREE delivery Fri, Nov 25 on $25 of items shipped by AmazonOr fastest delivery Sun, Nov 20|",B09X9P19RK,https://m.media-amazon.com/images/I/51Cg8epNjpL._AC_UL320_.jpg
1346,https://www.amazon.com/Coppertone-Sport-Sunscreen-Lotion-SPF/dp/B0173G3AY6/ref=sxbs_aspa_sqa?content-id=amzn1.sym.f083991a-4799-4628-9c0f-265d31202d6a%3Aamzn1.sym.f083991a-4799-4628-9c0f-265d31202d6a&crid=2QN1ORE9ZOFS5&cv_ct_cx=sunscreen&keywords=sunscreen&pd_rd_i=B0173G3AY6&pd_rd_r=940e4ec1-1578-414d-a6c1-4359241af001&pd_rd_w=6rLWN&pd_rd_wg=dCw3M&pf_rd_p=f083991a-4799-4628-9c0f-265d31202d6a&pf_rd_r=0A73E2RPY0Y91407YTEJ&qid=1668802390&sprefix=sunscreen%2Caps%2C85&sr=1-7-e8b8f74c-74f5-4c4f-a6e6-031fece62d61,"Coppertone SPORT Sunscreen SPF 50 Lotion, Water Resistant Sunscreen, Body Sunscreen Lotion, 7 Fl Oz",7 Fl Oz (Pack of 1),4.8 out of 5 stars,"1,151",$6.39,"FREE delivery Fri, Nov 25 on $25 of items shipped by AmazonOr fastest delivery Sun, Nov 20|",B0173G3AY6,https://m.media-amazon.com/images/I/71I+WE0s1gL._AC_UL320_.jpg
1347,https://www.amazon.com/Neutrogena-Sunscreen-Acne-Prone-Spectrum-Fragrance-Free/dp/B004D2C5FY/ref=sxbs_aspa_sqa?content-id=amzn1.sym.f083991a-4799-4628-9c0f-265d31202d6a%3Aamzn1.sym.f083991a-4799-4628-9c0f-265d31202d6a&crid=2QN1ORE9ZOFS5&cv_ct_cx=sunscreen&keywords=sunscreen&pd_rd_i=B004D2C5FY&pd_rd_r=940e4ec1-1578-414d-a6c1-4359241af001&pd_rd_w=6rLWN&pd_rd_wg=dCw3M&pf_rd_p=f083991a-4799-4628-9c0f-265d31202d6a&pf_rd_r=0A73E2RPY0Y91407YTEJ&qid=1668802390&sprefix=sunscreen%2Caps%2C85&sr=1-2-e8b8f74c-74f5-4c4f-a6e6-031fece62d61,"Neutrogena Clear Face Liquid Sunscreen for Acne-Prone Skin, Broad Spectrum SPF 30 Sunscreen Lotion with Helioplex, Oxybenzone-Free, Oil-Free, Fragrance-Free; Non-Comedogenic, 3 fl. oz",3 Fl Oz (Pack of 1),4.6 out of 5 stars,"18,615",$7.97,"FREE delivery Fri, Nov 25 on $25 of items shipped by AmazonOr fastest delivery Sun, Nov 20|",B004D2C5FY,https://m.media-amazon.com/images/I/61DcaMUC1UL._AC_UL320_.jpg
1348,https://www.amazon.com/CeraVe-Facial-Moisturizing-Lotion-AM/dp/B00F97FHAW/ref=sxbs_aspa_sqa?content-id=amzn1.sym.f083991a-4799-4628-9c0f-265d31202d6a%3Aamzn1.sym.f083991a-4799-4628-9c0f-265d31202d6a&crid=2QN1ORE9ZOFS5&cv_ct_cx=sunscreen&keywords=sunscreen&pd_rd_i=B00F97FHAW&pd_rd_r=940e4ec1-1578-414d-a6c1-4359241af001&pd_rd_w=6rLWN&pd_rd_wg=dCw3M&pf_rd_p=f083991a-4799-4628-9c0f-265d31202d6a&pf_rd_r=0A73E2RPY0Y91407YTEJ&qid=1668802390&sprefix=sunscreen%2Caps%2C85&sr=1-4-e8b8f74c-74f5-4c4f-a6e6-031fece62d61,CeraVe AM Facial Moisturizing Lotion SPF 30 | Oil-Free Face Moisturizer with Sunscreen | Non-Comedogenic | 3 Ounce,3 Fl Oz (Pack of 1),4.6 out of 5 stars,"66,731",$14.62,"FREE delivery Tue, Nov 29 on $25 of items shipped by Amazon|",B00F97FHAW,https://m.media-amazon.com/images/I/71J0BtuYB2L._AC_UL320_.jpg
1349,https://www.amazon.com/Neutrogena-Dry-Touch-Resistant-Non-Greasy-Sunscreen/dp/B000EPA4GQ/ref=sxbs_aspa_sqa?content-id=amzn1.sym.f083991a-4799-4628-9c0f-265d31202d6a%3Aamzn1.sym.f083991a-4799-4628-9c0f-265d31202d6a&crid=2QN1ORE9ZOFS5&cv_ct_cx=sunscreen&keywords=sunscreen&pd_rd_i=B000EPA4GQ&pd_rd_r=940e4ec1-1578-414d-a6c1-4359241af001&pd_rd_w=6rLWN&pd_rd_wg=dCw3M&pf_rd_p=f083991a-4799-4628-9c0f-265d31202d6a&pf_rd_r=0A73E2RPY0Y91407YTEJ&qid=1668802390&sprefix=sunscreen%2Caps%2C85&sr=1-6-e8b8f74c-74f5-4c4f-a6e6-031fece62d61,"Neutrogena Ultra Sheer Dry-Touch Sunscreen Lotion, Broad Spectrum SPF 55 UVA/UVB Protection, Light, Water Resistant, Non-Comedogenic & Non-Greasy, Travel Size, 3 fl. Oz",3 Fl Oz (Pack of 1),4.6 out of 5 stars,"13,376",$7.97,"FREE delivery Tue, Nov 29 on $25 of items shipped by AmazonOr fastest delivery Wed, Nov 23|",B000EPA4GQ,https://m.media-amazon.com/images/I/61005K7VJFL._AC_UL320_.jpg
1350,https://www.amazon.com/Roche-Posay-Anthelios-Clear-Skin-Sunscreen/dp/B01A0NT3D6/ref=sxbs_aspa_sqa?content-id=amzn1.sym.f083991a-4799-4628-9c0f-265d31202d6a%3Aamzn1.sym.f083991a-4799-4628-9c0f-265d31202d6a&crid=2QN1ORE9ZOFS5&cv_ct_cx=sunscreen&keywords=sunscreen&pd_rd_i=B01A0NT3D6&pd_rd_r=940e4ec1-1578-414d-a6c1-4359241af001&pd_rd_w=6rLWN&pd_rd_wg=dCw3M&pf_rd_p=f083991a-4799-4628-9c0f-265d31202d6a&pf_rd_r=0A73E2RPY0Y91407YTEJ&qid=1668802390&sprefix=sunscreen%2Caps%2C85&sr=1-8-e8b8f74c-74f5-4c4f-a6e6-031fece62d61,"La Roche-Posay Anthelios Clear Skin Dry Touch Sunscreen SPF 60, Oil Free Face Sunscreen for Acne Prone Skin, Won't Cause Breakouts, Non-Greasy, Oxybenzone Free",1.7 Fl Oz (Pack of 1),4.5 out of 5 stars,"12,077",$19.99,"FREE delivery Fri, Nov 25 on $25 of items shipped by AmazonOr fastest delivery Sun, Nov 20|",B01A0NT3D6,https://m.media-amazon.com/images/I/619LhHSBBpL._AC_UL320_.jpg
1358,https://www.amazon.com/sspa/click?ie=UTF8&spc=MTo0NzY0MDcxMDk4MzUzMTQwOjE2Njg4MDI1NzI6c3BfYXRmOjIwMDAzNjc4NTE1MjE5ODo6MDo6&url=%2FMineral-Fusion-Polish-Remover-Ounce%2Fdp%2FB00C5RM30G%2Fref%3Dsr_1_1_sspa%3Fcrid%3DNUCAKQN2LCY6%26keywords%3Dnail%2Bpaint%2Bremover%26qid%3D1668802572%26sprefix%3Dnail%2Bpaint%2Bremover%252Caps%252C101%26sr%3D8-1-spons%26sp_csd%3Dd2lkZ2V0TmFtZT1zcF9hdGY%26psc%3D1,"Mineral Fusion Nail Polish Remover, 6 Ounce",Sponsored,4.7 out of 5 stars,"58,924",$8.99,"FREE delivery Fri, Nov 25 on $25 of items shipped by AmazonOr fastest delivery Tue, Nov 22||Climate Pledge Friendly|Climate Pledge Friendly|Climate Pledge Friendly|<img alt="""" src=""https://m.media-amazon.com/images/I/216-OX9rBaL._SS200_.png"" height=""50px"" width=""50px""/>  Climate Pledge Friendly|<img alt="""" src=""https://m.media-amazon.com/images/I/216-OX9rBaL._SS200_.png"" height=""50px"" width=""50px""/>  Climate Pledge Friendly|<img alt="""" src=""https://m.media-amazon.com/images/I/51vC-CaTYRL._SS200_.png"" height=""50px"" width=""50px""/> Carbonfree Certified",B00C5RM30G,https://m.media-amazon.com/images/I/51k1jaEaIML._AC_UL320_.jpg|https://m.media-amazon.com/images/I/216-OX9rBaL._SS200_.png||
1359,https://www.amazon.com/sspa/click?ie=UTF8&spc=MTo0NzY0MDcxMDk4MzUzMTQwOjE2Njg4MDI1NzI6c3BfYXRmOjIwMDA3NTcwNjE2MDI5ODo6MDo6&url=%2FRemover-remover-Minutes-Soak-Off-Wrapping%2Fdp%2FB09GK8VXS3%2Fref%3Dsr_1_2_sspa%3Fcrid%3DNUCAKQN2LCY6%26keywords%3Dnail%2Bpaint%2Bremover%26qid%3D1668802572%26sprefix%3Dnail%2Bpaint%2Bremover%252Caps%252C101%26sr%3D8-2-spons%26sp_csd%3Dd2lkZ2V0TmFtZT1zcF9hdGY%26psc%3D1,"Nail Polish Remover, gel polish remover in 3-5 Minutes Easily Removes Soak-Off Gel Nail Polish, Easily & Quickly Soak Off Gel Polish No Need for Foil, Soaking or Wrapping 15ml",Sponsored,3.8 out of 5 stars,"5,666",$9.99,"FREE delivery Fri, Nov 25 on $25 of items shipped by AmazonOr fastest delivery Sun, Nov 20|",B09GK8VXS3,https://m.media-amazon.com/images/I/61qr1fdKZhL._AC_UL320_.jpg
1360,https://www.amazon.com/Cutex-Ultra-Powerful-Nail-Polish-Remover/dp/B06XBBS1WP/ref=sr_1_3?crid=NUCAKQN2LCY6&keywords=nail+paint+remover&qid=1668802572&sprefix=nail+paint+remover%2Caps%2C101&sr=8-3,"Gel Nail Polish Remover by Cutex, Ultra-Powerful & Removes Glitter and Dark Colored Paints, Paraben Free, 6.76 Fl Oz",6.7 Fl Oz (Pack of 1),4.7 out of 5 stars,"53,550",$3.97,"FREE delivery Fri, Nov 25 on $25 of items shipped by AmazonOr fastest delivery Sun, Nov 20|",B06XBBS1WP,https://m.media-amazon.com/images/I/71yaO6-E-DL._AC_UL320_.jpg
1361,https://www.amazon.com/Mineral-Fusion-Polish-Remover-Ounce/dp/B00C5RM30G/ref=sr_1_4?crid=NUCAKQN2LCY6&keywords=nail+paint+remover&qid=1668802572&sprefix=nail+paint+remover%2Caps%2C101&sr=8-4,"Mineral Fusion Nail Polish Remover, 6 Ounce",6 Fl Oz (Pack of 1),4.7 out of 5 stars,"58,924",$8.99,"FREE delivery Fri, Nov 25 on $25 of items shipped by AmazonOr fastest delivery Tue, Nov 22||Climate Pledge Friendly|Climate Pledge Friendly|Climate Pledge Friendly|<img alt="""" src=""https://m.media-amazon.com/images/I/216-OX9rBaL._SS200_.png"" height=""50px"" width=""50px""/>  Climate Pledge Friendly|<img alt="""" src=""https://m.media-amazon.com/images/I/216-OX9rBaL._SS200_.png"" height=""50px"" width=""50px""/>  Climate Pledge Friendly|<img alt="""" src=""https://m.media-amazon.com/images/I/51vC-CaTYRL._SS200_.png"" height=""50px"" width=""50px""/> Carbonfree Certified",B00C5RM30G,https://m.media-amazon.com/images/I/51k1jaEaIML._AC_UL320_.jpg|https://m.media-amazon.com/images/I/216-OX9rBaL._SS200_.png||
1362,https://www.amazon.com/Pronto-100-Pure-Acetone-Professional/dp/B07TLZDSWR/ref=sr_1_5?crid=NUCAKQN2LCY6&keywords=nail+paint+remover&qid=1668802572&sprefix=nail+paint+remover%2Caps%2C101&sr=8-5,"Pronto 100% Pure Acetone - Quick, Professional Nail Polish Remover - For Natural, Gel, Acrylic, Sculptured Nails (8 FL. OZ.)",8 Fl Oz (Pack of 1),4.5 out of 5 stars,"42,311",$9.99,"FREE delivery Fri, Nov 25 on $25 of items shipped by AmazonOr fastest delivery Sun, Nov 20||Small Business|Small Business|Small Business|<img alt="""" src=""https://m.media-amazon.com/images/I/111mHoVK0kL._SS200_.png"" height=""50px"" width=""50px""/>  Small Business|<img alt="""" src=""https://m.media-amazon.com/images/I/111mHoVK0kL._SS200_.png"" height=""50px"" width=""50px""/>  Small Business",B07TLZDSWR,https://m.media-amazon.com/images/I/61XC5r0f23L._AC_UL320_.jpg|https://m.media-amazon.com/images/I/111mHoVK0kL._SS200_.png|
1363,https://www.amazon.com/sspa/click?ie=UTF8&spc=MTo2MTIzMTQ2NTkwNjczODU5OjE2Njg4MDI1NzI6c3Bfc2VhcmNoX3RoZW1hdGljOjIwMDA3OTk4ODY4Mzk5ODo6MDo6&url=%2FRemover-Professional-Quickly-Minutes-Protect%2Fdp%2FB096ZMQZNL%2Fref%3Dsxin_15_pa_sp_search_thematic_sspa%3Fcontent-id%3Damzn1.sym.ee6a664f-a1c5-4f93-a61f-81d41af42efc%253Aamzn1.sym.ee6a664f-a1c5-4f93-a61f-81d41af42efc%26crid%3DNUCAKQN2LCY6%26cv_ct_cx%3Dnail%2Bpaint%2Bremover%26keywords%3Dnail%2Bpaint%2Bremover%26pd_rd_i%3DB096ZMQZNL%26pd_rd_r%3D20ec0e2d-695d-4df0-a820-654181666a03%26pd_rd_w%3DypjGE%26pd_rd_wg%3D8plUR%26pf_rd_p%3Dee6a664f-a1c5-4f93-a61f-81d41af42efc%26pf_rd_r%3DT7MNP9Y4RV04XXRFNG3G%26qid%3D1668802572%26sprefix%3Dnail%2Bpaint%2Bremover%252Caps%252C101%26sr%3D1-1-cbc80bc4-104b-44f8-8e5c-6397d5250496-spons%26sp_csd%3Dd2lkZ2V0TmFtZT1zcF9zZWFyY2hfdGhlbWF0aWM%26psc%3D1,2 Pack Magic Gel Nail Polish Remover Effective Convenient Nail Paint Remover Professional Protect Nails within 3-5 Minutes 0.5 Fl Oz,Sponsored,4.0 out of 5 stars|4.2 out of 5 stars|4.0 out of 5 stars|4.1 out of 5 stars|4.4 out of 5 stars,"450|222|323|1,714|1,763",$12.79,,,https://m.media-amazon.com/images/I/61O60ME7HuL._AC_UL320_.jpg|https://m.media-amazon.com/images/I/714DGVb35OL._AC_UL320_.jpg|https://m.media-amazon.com/images/I/71pQyr9Ai4L._AC_UL320_.jpg|https://m.media-amazon.com/images/I/61K7mFwMy2L._AC_UL320_.jpg|https://m.media-amazon.com/images/I/716DKWnZLSL._AC_UL320_.jpg
1364,https://www.amazon.com/sspa/click?ie=UTF8&spc=MTo2MTIzMTQ2NTkwNjczODU5OjE2Njg4MDI1NzI6c3Bfc2VhcmNoX3RoZW1hdGljOjIwMDA3OTk4ODY4Mzk5ODo6MDo6&url=%2FRemover-Professional-Quickly-Minutes-Protect%2Fdp%2FB096ZMQZNL%2Fref%3Dsxin_15_pa_sp_search_thematic_sspa%3Fcontent-id%3Damzn1.sym.ee6a664f-a1c5-4f93-a61f-81d41af42efc%253Aamzn1.sym.ee6a664f-a1c5-4f93-a61f-81d41af42efc%26crid%3DNUCAKQN2LCY6%26cv_ct_cx%3Dnail%2Bpaint%2Bremover%26keywords%3Dnail%2Bpaint%2Bremover%26pd_rd_i%3DB096ZMQZNL%26pd_rd_r%3D20ec0e2d-695d-4df0-a820-654181666a03%26pd_rd_w%3DypjGE%26pd_rd_wg%3D8plUR%26pf_rd_p%3Dee6a664f-a1c5-4f93-a61f-81d41af42efc%26pf_rd_r%3DT7MNP9Y4RV04XXRFNG3G%26qid%3D1668802572%26sprefix%3Dnail%2Bpaint%2Bremover%252Caps%252C101%26sr%3D1-1-cbc80bc4-104b-44f8-8e5c-6397d5250496-spons%26sp_csd%3Dd2lkZ2V0TmFtZT1zcF9zZWFyY2hfdGhlbWF0aWM%26psc%3D1,2 Pack Magic Gel Nail Polish Remover Effective Convenient Nail Paint Remover Professional Protect Nails within 3-5 Minutes 0.5 Fl Oz,0.5 Fl Oz (Pack of 2),4.0 out of 5 stars,450,$12.79,,B096ZMQZNL,https://m.media-amazon.com/images/I/61O60ME7HuL._AC_UL320_.jpg
1365,https://www.amazon.com/sspa/click?ie=UTF8&spc=MTo2MTIzMTQ2NTkwNjczODU5OjE2Njg4MDI1NzI6c3Bfc2VhcmNoX3RoZW1hdGljOjIwMDA4ODA0MTExNzQ5ODo6MTo6&url=%2FPolish-Remover-Minutes-Soaking-Wrapping-15ml%2Fdp%2FB09YNTZ2HK%2Fref%3Dsxin_15_pa_sp_search_thematic_sspa%3Fcontent-id%3Damzn1.sym.ee6a664f-a1c5-4f93-a61f-81d41af42efc%253Aamzn1.sym.ee6a664f-a1c5-4f93-a61f-81d41af42efc%26crid%3DNUCAKQN2LCY6%26cv_ct_cx%3Dnail%2Bpaint%2Bremover%26keywords%3Dnail%2Bpaint%2Bremover%26pd_rd_i%3DB09YNTZ2HK%26pd_rd_r%3D20ec0e2d-695d-4df0-a820-654181666a03%26pd_rd_w%3DypjGE%26pd_rd_wg%3D8plUR%26pf_rd_p%3Dee6a664f-a1c5-4f93-a61f-81d41af42efc%26pf_rd_r%3DT7MNP9Y4RV04XXRFNG3G%26qid%3D1668802572%26sprefix%3Dnail%2Bpaint%2Bremover%252Caps%252C101%26sr%3D1-2-cbc80bc4-104b-44f8-8e5c-6397d5250496-spons%26sp_csd%3Dd2lkZ2V0TmFtZT1zcF9zZWFyY2hfdGhlbWF0aWM%26psc%3D1,"Gel Nail Polish Remover,Remove Gel Nail Polish In 1-5 Minutes,Quick & Easy Polish Remover,No Need For Foil,Soaking Or Wrapping-15ml (1Pack)",1.1 Ounce (Pack of 1),4.2 out of 5 stars,222,$7.99,,B09YNTZ2HK,https://m.media-amazon.com/images/I/714DGVb35OL._AC_UL320_.jpg
1366,https://www.amazon.com/sspa/click?ie=UTF8&spc=MTo2MTIzMTQ2NTkwNjczODU5OjE2Njg4MDI1NzI6c3Bfc2VhcmNoX3RoZW1hdGljOjIwMDAzMDkzODYwMTM5ODo6Mjo6&url=%2FBesTby-Gel-Nail-Polish-Remover%2Fdp%2FB09LVH6X2B%2Fref%3Dsxin_15_pa_sp_search_thematic_sspa%3Fcontent-id%3Damzn1.sym.ee6a664f-a1c5-4f93-a61f-81d41af42efc%253Aamzn1.sym.ee6a664f-a1c5-4f93-a61f-81d41af42efc%26crid%3DNUCAKQN2LCY6%26cv_ct_cx%3Dnail%2Bpaint%2Bremover%26keywords%3Dnail%2Bpaint%2Bremover%26pd_rd_i%3DB09LVH6X2B%26pd_rd_r%3D20ec0e2d-695d-4df0-a820-654181666a03%26pd_rd_w%3DypjGE%26pd_rd_wg%3D8plUR%26pf_rd_p%3Dee6a664f-a1c5-4f93-a61f-81d41af42efc%26pf_rd_r%3DT7MNP9Y4RV04XXRFNG3G%26qid%3D1668802572%26sprefix%3Dnail%2Bpaint%2Bremover%252Caps%252C101%26sr%3D1-3-cbc80bc4-104b-44f8-8e5c-6397d5250496-spons%26sp_csd%3Dd2lkZ2V0TmFtZT1zcF9zZWFyY2hfdGhlbWF0aWM%26psc%3D1,"BesTby Gel Nail Polish Remover - Easy and Quick Gel Polish Remover, Nail Polish Remover for Remove Gel Nail Polish, Gel Nail Remover Kit and Nail Liquid Latex Tape 15 ml/0.5 oz for Nails",7 Piece Set,4.0 out of 5 stars,323,$15.99,,B09LVH6X2B,https://m.media-amazon.com/images/I/71pQyr9Ai4L._AC_UL320_.jpg
1367,https://www.amazon.com/sspa/click?ie=UTF8&spc=MTo2MTIzMTQ2NTkwNjczODU5OjE2Njg4MDI1NzI6c3Bfc2VhcmNoX3RoZW1hdGljOjIwMDA4MjMyNDQwNDQ5ODo6Mzo6&url=%2FRemover-Soak-Off-Remover-Quick-Professional-Natural%2Fdp%2FB08G1345L4%2Fref%3Dsxin_15_pa_sp_search_thematic_sspa%3Fcontent-id%3Damzn1.sym.ee6a664f-a1c5-4f93-a61f-81d41af42efc%253Aamzn1.sym.ee6a664f-a1c5-4f93-a61f-81d41af42efc%26crid%3DNUCAKQN2LCY6%26cv_ct_cx%3Dnail%2Bpaint%2Bremover%26keywords%3Dnail%2Bpaint%2Bremover%26pd_rd_i%3DB08G1345L4%26pd_rd_r%3D20ec0e2d-695d-4df0-a820-654181666a03%26pd_rd_w%3DypjGE%26pd_rd_wg%3D8plUR%26pf_rd_p%3Dee6a664f-a1c5-4f93-a61f-81d41af42efc%26pf_rd_r%3DT7MNP9Y4RV04XXRFNG3G%26qid%3D1668802572%26sprefix%3Dnail%2Bpaint%2Bremover%252Caps%252C101%26sr%3D1-4-cbc80bc4-104b-44f8-8e5c-6397d5250496-spons%26sp_csd%3Dd2lkZ2V0TmFtZT1zcF9zZWFyY2hfdGhlbWF0aWM%26psc%3D1,"Nail Polish Remover, Magic Soak-Off Gel Nail Polish Remover-Quick,Professional Nail Polish Remover for Natural, Gel Nails (Green-3)",0.5 Fl Oz (Pack of 3),4.1 out of 5 stars,"1,714",$19.99,,B08G1345L4,https://m.media-amazon.com/images/I/61K7mFwMy2L._AC_UL320_.jpg
1368,https://www.amazon.com/sspa/click?ie=UTF8&spc=MTo2MTIzMTQ2NTkwNjczODU5OjE2Njg4MDI1NzI6c3Bfc2VhcmNoX3RoZW1hdGljOjIwMDA4NTUzMzQ3Nzc5ODo6NDo6&url=%2FMakartt-Remover-Resuable-Toenail-Acrylic%2Fdp%2FB07HJ2F66V%2Fref%3Dsxin_15_pa_sp_search_thematic_sspa%3Fcontent-id%3Damzn1.sym.ee6a664f-a1c5-4f93-a61f-81d41af42efc%253Aamzn1.sym.ee6a664f-a1c5-4f93-a61f-81d41af42efc%26crid%3DNUCAKQN2LCY6%26cv_ct_cx%3Dnail%2Bpaint%2Bremover%26keywords%3Dnail%2Bpaint%2Bremover%26pd_rd_i%3DB07HJ2F66V%26pd_rd_r%3D20ec0e2d-695d-4df0-a820-654181666a03%26pd_rd_w%3DypjGE%26pd_rd_wg%3D8plUR%26pf_rd_p%3Dee6a664f-a1c5-4f93-a61f-81d41af42efc%26pf_rd_r%3DT7MNP9Y4RV04XXRFNG3G%26qid%3D1668802572%26sprefix%3Dnail%2Bpaint%2Bremover%252Caps%252C101%26sr%3D1-5-cbc80bc4-104b-44f8-8e5c-6397d5250496-spons%26sp_csd%3Dd2lkZ2V0TmFtZT1zcF9zZWFyY2hfdGhlbWF0aWM%26psc%3D1,"Makartt Gel Nail Polish Remover Clips Kit,With Double Ended Metal Cuticle Pusher,20 pcs Plastic Resuable Finger and Toe nail clips for removal Acrylic Nail Art Gel Polish Soak Off Cap Clip",14 Piece Set,4.4 out of 5 stars,"1,763",$9.99,,B07HJ2F66V,https://m.media-amazon.com/images/I/716DKWnZLSL._AC_UL320_.jpg
1369,https://aax-us-iad.amazon.com/x/c/RAKALmZeOcTuiKoBGvxl6tcAAAGEjGJv7QEAAAH2AQBOL0EgICAgICAgICAgICBOL0EgICAgICAgICAgICD9XBSi/https://www.amazon.com/dp/B08QMH7ZGB?pd_rd_i=B08QMH7ZGB&pf_rd_p=b000e0a0-9e93-480f-bf78-a83c8136dfcb&pf_rd_r=T7MNP9Y4RV04XXRFNG3G&pd_rd_wg=8plUR&pd_rd_w=hsW2W&pd_rd_r=20ec0e2d-695d-4df0-a820-654181666a03,"Nail Polish Remover, Gel Remover For Nails In 2-5 Minutes - Quick & Easy Gel Polish Remover - No Need For Foil, Soaking Or Wrapping 0.5fl Oz.",Sponsored,3.9 out of 5 stars,"2,532",$9.99,"FREE delivery Fri, Nov 25 on $25 of items shipped by AmazonOr fastest delivery Tue, Nov 22|",,
1370,https://www.amazon.com/Mineral-Fusion-Polish-Remover-Ounce/dp/B00C5RM30G/ref=sxin_17?asc_contentid=amzn1.osa.a13b70b1-909f-47bc-b42d-72d535d1f5ab.ATVPDKIKX0DER.en_US&asc_contenttype=article&ascsubtag=amzn1.osa.a13b70b1-909f-47bc-b42d-72d535d1f5ab.ATVPDKIKX0DER.en_US&content-id=amzn1.sym.01243ef6-1f4d-40e2-ad34-d02b1375dcf1%3Aamzn1.sym.01243ef6-1f4d-40e2-ad34-d02b1375dcf1&creativeASIN=B00C5RM30G&crid=NUCAKQN2LCY6&cv_ct_cx=nail+paint+remover&cv_ct_id=amzn1.osa.a13b70b1-909f-47bc-b42d-72d535d1f5ab.ATVPDKIKX0DER.en_US&cv_ct_pg=search&cv_ct_we=asin&cv_ct_wn=osp-single-source-pecos-desktop&keywords=nail+paint+remover&linkCode=oas&pd_rd_i=B00C5RM30G&pd_rd_r=20ec0e2d-695d-4df0-a820-654181666a03&pd_rd_w=njSp2&pd_rd_wg=8plUR&pf_rd_p=01243ef6-1f4d-40e2-ad34-d02b1375dcf1&pf_rd_r=T7MNP9Y4RV04XXRFNG3G&qid=1668802572&sprefix=nail+paint+remover%2Caps%2C101&sr=1-1-c26ac7f6-b43f-4741-a772-17cad7536576&tag=rd_advon-20,"Mineral Fusion Nail Polish Remover, 6 Ounce",By,4.7 out of 5 stars|4.5 out of 5 stars|4.7 out of 5 stars|4.3 out of 5 stars|4.7 out of 5 stars,"58,924|42,311|53,550|4,877|5,018",$8.99,"Climate Pledge Friendly|Climate Pledge Friendly|Climate Pledge Friendly|<img alt="""" src=""https://m.media-amazon.com/images/I/216-OX9rBaL._SS200_.png"" height=""50px"" width=""50px""/>  Climate Pledge Friendly|<img alt="""" src=""https://m.media-amazon.com/images/I/216-OX9rBaL._SS200_.png"" height=""50px"" width=""50px""/>  Climate Pledge Friendly|<img alt="""" src=""https://m.media-amazon.com/images/I/51vC-CaTYRL._SS200_.png"" height=""50px"" width=""50px""/> Carbonfree Certified|Small Business|Small Business|Small Business|<img alt="""" src=""https://m.media-amazon.com/images/I/111mHoVK0kL._SS200_.png"" height=""50px"" width=""50px""/>  Small Business|<img alt="""" src=""https://m.media-amazon.com/images/I/111mHoVK0kL._SS200_.png"" height=""50px"" width=""50px""/>  Small Business|Small Business|Small Business|Small Business|<img alt="""" src=""https://m.media-amazon.com/images/I/111mHoVK0kL._SS200_.png"" height=""50px"" width=""50px""/>  Small Business|<img alt="""" src=""https://m.media-amazon.com/images/I/111mHoVK0kL._SS200_.png"" height=""50px"" width=""50px""/>  Small Business",,https://m.media-amazon.com/images/I/51k1jaEaIML._AC_UL320_.jpg|https://m.media-amazon.com/images/I/216-OX9rBaL._SS200_.png|||https://m.media-amazon.com/images/I/61XC5r0f23L._AC_UL320_.jpg|https://m.media-amazon.com/images/I/111mHoVK0kL._SS200_.png||https://m.media-amazon.com/images/I/71yaO6-E-DL._AC_UL320_.jpg|https://m.media-amazon.com/images/I/51Pm7wEfl-L._AC_UL320_.jpg|https://m.media-amazon.com/images/I/111mHoVK0kL._SS200_.png||https://m.media-amazon.com/images/I/51TrhUsJ6hL._AC_UL320_.jpg
1371,https://www.amazon.com/Freefa-Crystal-Winter-Upgraded-Version/dp/B0B42XFHMH/ref=sxin_18_trfobq2a_0_B0B42XFHMH?content-id=amzn1.sym.2500a036-1c45-42a8-89a2-72bf8896ce48%3Aamzn1.sym.2500a036-1c45-42a8-89a2-72bf8896ce48&crid=NUCAKQN2LCY6&cv_ct_cx=nail+paint+remover&keywords=nail+paint+remover&pd_rd_i=B0B42XFHMH&pd_rd_r=20ec0e2d-695d-4df0-a820-654181666a03&pd_rd_w=BBgjo&pd_rd_wg=8plUR&pf_rd_p=2500a036-1c45-42a8-89a2-72bf8896ce48&pf_rd_r=T7MNP9Y4RV04XXRFNG3G&qid=1668802572&sprefix=nail+paint+remover%2Caps%2C101&sr=1-1-c944532c-3909-4a2a-84a2-570d2ee3cd13,Freefa Crystal Hair Eraser for Women Men Winter- Smooth Hair Eraser Upgraded Version Nano Mirror Eraser - Painless Crystal Hair Remover with Nano Nail File - Portable Leg Hair Remover (Fuchsia),Amazon’s private and select exclusive brands,3.9 out of 5 stars|4.4 out of 5 stars|4.6 out of 5 stars|4.6 out of 5 stars,"76|2,580|66|692",$25.96,,,https://m.media-amazon.com/images/I/81YFdvd8PXL._AC_UL320_.jpg|https://m.media-amazon.com/images/I/61HO2bCqFLL._AC_UL320_.jpg|https://m.media-amazon.com/images/I/61zzYlcMQKL._AC_UL320_.jpg|https://m.media-amazon.com/images/I/819GP9b+ikL._AC_UL320_.jpg
1372,https://www.amazon.com/Freefa-Crystal-Winter-Upgraded-Version/dp/B0B42XFHMH/ref=sxin_18_trfobq2a_0_B0B42XFHMH?content-id=amzn1.sym.2500a036-1c45-42a8-89a2-72bf8896ce48%3Aamzn1.sym.2500a036-1c45-42a8-89a2-72bf8896ce48&crid=NUCAKQN2LCY6&cv_ct_cx=nail+paint+remover&keywords=nail+paint+remover&pd_rd_i=B0B42XFHMH&pd_rd_r=20ec0e2d-695d-4df0-a820-654181666a03&pd_rd_w=BBgjo&pd_rd_wg=8plUR&pf_rd_p=2500a036-1c45-42a8-89a2-72bf8896ce48&pf_rd_r=T7MNP9Y4RV04XXRFNG3G&qid=1668802572&sprefix=nail+paint+remover%2Caps%2C101&sr=1-1-c944532c-3909-4a2a-84a2-570d2ee3cd13,Freefa Crystal Hair Eraser for Women Men Winter- Smooth Hair Eraser Upgraded Version Nano Mirror Eraser - Painless Crystal Hair Remover with Nano Nail File - Portable Leg Hair Remover (Fuchsia),($25.96/Count),3.9 out of 5 stars,76,$25.96,,B0B42XFHMH,https://m.media-amazon.com/images/I/81YFdvd8PXL._AC_UL320_.jpg
1373,https://www.amazon.com/Foranyo-Nail-Clipper-Set-Fingernail/dp/B09KN8SXKG/ref=sxin_18_trfobq2a_1_B09KN8SXKG?content-id=amzn1.sym.2500a036-1c45-42a8-89a2-72bf8896ce48%3Aamzn1.sym.2500a036-1c45-42a8-89a2-72bf8896ce48&crid=NUCAKQN2LCY6&cv_ct_cx=nail+paint+remover&keywords=nail+paint+remover&pd_rd_i=B09KN8SXKG&pd_rd_r=20ec0e2d-695d-4df0-a820-654181666a03&pd_rd_w=BBgjo&pd_rd_wg=8plUR&pf_rd_p=2500a036-1c45-42a8-89a2-72bf8896ce48&pf_rd_r=T7MNP9Y4RV04XXRFNG3G&qid=1668802572&sprefix=nail+paint+remover%2Caps%2C101&sr=1-2-c944532c-3909-4a2a-84a2-570d2ee3cd13,"Nail Clippers - 3 Pack Stainless Steel Toenail Clippers Fingernail Clipper, Professional Nail Cutter Nail Clipper Set for Men Women [Silver]",($3.98/Count),4.4 out of 5 stars,"2,580",$3.98,,B09KN8SXKG,https://m.media-amazon.com/images/I/61HO2bCqFLL._AC_UL320_.jpg
1374,https://www.amazon.com/Diesisa-Clippers-Catcher-Fingernail-Stainless/dp/B09T63HX8C/ref=sxin_18_trfobq2a_2_B09T63HX8C?content-id=amzn1.sym.2500a036-1c45-42a8-89a2-72bf8896ce48%3Aamzn1.sym.2500a036-1c45-42a8-89a2-72bf8896ce48&crid=NUCAKQN2LCY6&cv_ct_cx=nail+paint+remover&keywords=nail+paint+remover&pd_rd_i=B09T63HX8C&pd_rd_r=20ec0e2d-695d-4df0-a820-654181666a03&pd_rd_w=BBgjo&pd_rd_wg=8plUR&pf_rd_p=2500a036-1c45-42a8-89a2-72bf8896ce48&pf_rd_r=T7MNP9Y4RV04XXRFNG3G&qid=1668802572&sprefix=nail+paint+remover%2Caps%2C101&sr=1-3-c944532c-3909-4a2a-84a2-570d2ee3cd13,"Diesisa Nail Clippers with Catcher, No Splash Fingernail Clippers for Women Premium Stainless Nail Cutter Trimmer for Men Women Seniors 4 Pack (Black-4 Pack)",($2.49/Count),4.6 out of 5 stars,66,$9.97,,B09T63HX8C,https://m.media-amazon.com/images/I/61zzYlcMQKL._AC_UL320_.jpg
1375,https://www.amazon.com/Clippers-Podiatrist-Corrector-Treatment-Stainless/dp/B098NXMS2L/ref=sxin_18_trfobq2a_3_B098NXMS2L?content-id=amzn1.sym.2500a036-1c45-42a8-89a2-72bf8896ce48%3Aamzn1.sym.2500a036-1c45-42a8-89a2-72bf8896ce48&crid=NUCAKQN2LCY6&cv_ct_cx=nail+paint+remover&keywords=nail+paint+remover&pd_rd_i=B098NXMS2L&pd_rd_r=20ec0e2d-695d-4df0-a820-654181666a03&pd_rd_w=BBgjo&pd_rd_wg=8plUR&pf_rd_p=2500a036-1c45-42a8-89a2-72bf8896ce48&pf_rd_r=T7MNP9Y4RV04XXRFNG3G&qid=1668802572&sprefix=nail+paint+remover%2Caps%2C101&sr=1-4-c944532c-3909-4a2a-84a2-570d2ee3cd13,"Toenail Clippers for Thick Nails, Podiatrist Large Nail Clippers Set, Ingrown Toenails Tools with Corrector Treatment, Stainless Steel Sharp Curved Blade Grooming Pedicure Kit for Men, Women & Seniors",10 Piece Set,4.6 out of 5 stars,692,$16.99,,B098NXMS2L,https://m.media-amazon.com/images/I/819GP9b+ikL._AC_UL320_.jpg
1377,https://www.amazon.com/ella-mila-Lavender-Essential-Fingernail/dp/B0121SN1QI/ref=sr_1_6?crid=NUCAKQN2LCY6&keywords=nail+paint+remover&qid=1668802572&sprefix=nail+paint+remover%2Caps%2C101&sr=8-6,"ella+mila Soy Nail Polish Remover Non-Acetone Nail Polish Remover - Non-Toxic Fingernail Polish Remover - Enriched with Lavender Essential Oil & Vitamins A,C & E (4 fl oz)",4 Fl Oz (Pack of 1),4.3 out of 5 stars,"4,877",$11.49,"FREE delivery Fri, Nov 25 on $25 of items shipped by AmazonOr fastest delivery Sun, Nov 20||Small Business|Small Business|Small Business|<img alt="""" src=""https://m.media-amazon.com/images/I/111mHoVK0kL._SS200_.png"" height=""50px"" width=""50px""/>  Small Business|<img alt="""" src=""https://m.media-amazon.com/images/I/111mHoVK0kL._SS200_.png"" height=""50px"" width=""50px""/>  Small Business",B0121SN1QI,https://m.media-amazon.com/images/I/51Pm7wEfl-L._AC_UL320_.jpg|https://m.media-amazon.com/images/I/111mHoVK0kL._SS200_.png|
1378,https://www.amazon.com/Diamond-Wipes-Individually-Pre-Soaked-Convenient/dp/B074NBF57G/ref=sr_1_7?crid=NUCAKQN2LCY6&keywords=nail+paint+remover&qid=1668802572&sprefix=nail+paint+remover%2Caps%2C101&sr=8-7,Diamond Wipes Acetone Nail Polish Remover Pads Box of 50ct Individually Wrapped Pre-Soaked Pads Made With Aloe Vera One Wipe Convenient Size For On The Go And Travel,50 Count (Pack of 1),4.4 out of 5 stars,"3,733",$14.99,"FREE delivery Wed, Nov 30 on $25 of items shipped by AmazonOr fastest delivery Wed, Nov 23|",B074NBF57G,https://m.media-amazon.com/images/I/81BYVgAvPYL._AC_UL320_.jpg
1379,https://www.amazon.com/Cutex-Non-Acetone-Nail-Polish-Remover/dp/B07675M6QX/ref=sr_1_8_mod_primary_new?crid=NUCAKQN2LCY6&keywords=nail+paint+remover&qid=1668802572&sbo=RZvfv%2F%2FHxDF%2BO5021pAnSA%3D%3D&sprefix=nail+paint+remover%2Caps%2C101&sr=8-8,Cutex Non-Acetone Nail Polish Remover,6.7 Fl Oz (Pack of 1),4.6 out of 5 stars,"2,011|Another way to buy|$9.69$9.69|$9.69$9.69|FREE delivery on $25 shipped by Amazon.",$7.77,FREE delivery Nov 28 - 30|FREE delivery on $25 shipped by Amazon.,B07675M6QX,https://m.media-amazon.com/images/I/719fkhGC2UL._AC_UL320_.jpg
1380,https://www.amazon.com/Remover-Professional-Quickly-Minutes-Wrapping/dp/B0B8RLQV7V/ref=sr_1_9?crid=NUCAKQN2LCY6&keywords=nail+paint+remover&qid=1668802572&sprefix=nail+paint+remover%2Caps%2C101&sr=8-9,"Gel Nail Polish Remover 0.5 Fl Oz, Professional Gel Remover for Nails, Easily & Quickly Remove Nail Polish in 3-5 Minutes, Doesn't Hurt Nails, No Need For Foil, Soaking Or Wrapping",($7.08/Ounce),4.3 out of 5 stars,188,$9.99,"FREE delivery Fri, Nov 25 on $25 of items shipped by AmazonOr fastest delivery Sun, Nov 20|",B0B8RLQV7V,https://m.media-amazon.com/images/I/71oytjU0wqL._AC_UL320_.jpg
1381,https://www.amazon.com/ella-mila-Fingernail-Contains-Vitamins/dp/B0BCHBR8GW/ref=sr_1_10?crid=NUCAKQN2LCY6&keywords=nail+paint+remover&qid=1668802572&sprefix=nail+paint+remover%2Caps%2C101&sr=8-10,"ella+mila ""Jojoba Nail Polish Remover"" | Non Acetone & Alcohol Free | Best For Natural Fingernail | Contains Vitamins A, C , E",($11.49/Count),4.1 out of 5 stars,41,$11.49,"FREE delivery Fri, Nov 25 on $25 of items shipped by AmazonOr fastest delivery Sun, Nov 20||Small Business|Small Business|Small Business|<img alt="""" src=""https://m.media-amazon.com/images/I/111mHoVK0kL._SS200_.png"" height=""50px"" width=""50px""/>  Small Business|<img alt="""" src=""https://m.media-amazon.com/images/I/111mHoVK0kL._SS200_.png"" height=""50px"" width=""50px""/>  Small Business",B0BCHBR8GW,https://m.media-amazon.com/images/I/61Z0JuVHvYL._AC_UL320_.jpg|https://m.media-amazon.com/images/I/111mHoVK0kL._SS200_.png|
1382,https://www.amazon.com/L-Colors-Polish-Remover-Scents/dp/B007TXJKES/ref=sr_1_11?crid=NUCAKQN2LCY6&keywords=nail+paint+remover&qid=1668802572&sprefix=nail+paint+remover%2Caps%2C101&sr=8-11,L.A. Colors Nail Polish Remover Pads 6 Fruit Scents (32 Pads of each),32 Count (Pack of 6),4.4 out of 5 stars,"2,013",$9.99,"FREE delivery Fri, Nov 25 on $25 of items shipped by AmazonOr fastest delivery Tue, Nov 22|",B007TXJKES,https://m.media-amazon.com/images/I/81tm1mYpXFL._AC_UL320_.jpg
1383,https://www.amazon.com/AIBRIT-Remover-Minutes-Removedor-Esmalte/dp/B0B9XM2FVR/ref=sr_1_12?crid=NUCAKQN2LCY6&keywords=nail+paint+remover&qid=1668802572&sprefix=nail+paint+remover%2Caps%2C101&sr=8-12,"AIBRIT Gel Nail Polish Remover 2 Pack, Gel Polish Remover in 3-5 Minutes, Soak Off Remover for Nail Polish, Removedor de Esmalte Gel, 0.6 fl oz/18ml",($8.50/Count),5.0 out of 5 stars,2,$16.99,"FREE delivery Fri, Nov 25 on $25 of items shipped by AmazonOr fastest delivery Sun, Nov 20|",B0B9XM2FVR,https://m.media-amazon.com/images/I/71nlJUlNTZL._AC_UL320_.jpg
1384,https://www.amazon.com/ella-mila-Unscented-Fingernail-Contains/dp/B082WMJXR3/ref=sr_1_13?crid=NUCAKQN2LCY6&keywords=nail+paint+remover&qid=1668802572&sprefix=nail+paint+remover%2Caps%2C101&sr=8-13,"ella+mila""Soy Nail Polish Remover Wipes"" | Non Acetone & Alcohol Free | Unscented Pads Best For Natural Fingernail | Contains Vitamins A, C, E (5-Pack)",5 Count (Pack of 1),4.3 out of 5 stars,"1,081",$4.99,"FREE delivery Fri, Nov 25 on $25 of items shipped by AmazonOr fastest delivery Sun, Nov 20||Small Business|Small Business|Small Business|<img alt="""" src=""https://m.media-amazon.com/images/I/111mHoVK0kL._SS200_.png"" height=""50px"" width=""50px""/>  Small Business|<img alt="""" src=""https://m.media-amazon.com/images/I/111mHoVK0kL._SS200_.png"" height=""50px"" width=""50px""/>  Small Business",B082WMJXR3,https://m.media-amazon.com/images/I/71ZCcgBsCKL._AC_UL320_.jpg|https://m.media-amazon.com/images/I/111mHoVK0kL._SS200_.png|
1385,https://www.amazon.com/Remover-Professional-remover-Minutes-Wrapping-15ml/dp/B09Z2V94LY/ref=sr_1_14?crid=NUCAKQN2LCY6&keywords=nail+paint+remover&qid=1668802572&sprefix=nail+paint+remover%2Caps%2C101&sr=8-14,"Gel Nail Polish Remover, Professional Remove Gel Nail Polish, gel polish remover for nails, No Need for Foil, Quick & Easy Polish Remover In 2-3 Minutes, No Need Soaking Or Wrapping-15ml",0.5 Fl Oz (Pack of 1),4.0 out of 5 stars,"8,324",$7.99,"FREE delivery Fri, Nov 25 on $25 of items shipped by AmazonOr fastest delivery Sun, Nov 20|",B09Z2V94LY,https://m.media-amazon.com/images/I/619NPrjaWjL._AC_UL320_.jpg
1386,https://www.amazon.com/Remover-remover-Minutes-Soak-Off-Wrapping/dp/B09GK8VXS3/ref=sr_1_15?crid=NUCAKQN2LCY6&keywords=nail+paint+remover&qid=1668802572&sprefix=nail+paint+remover%2Caps%2C101&sr=8-15,"Nail Polish Remover, gel polish remover in 3-5 Minutes Easily Removes Soak-Off Gel Nail Polish, Easily & Quickly Soak Off Gel Polish No Need for Foil, Soaking or Wrapping 15ml",0.51 Fl Oz (Pack of 1),3.8 out of 5 stars,"5,666",$9.99,"FREE delivery Fri, Nov 25 on $25 of items shipped by AmazonOr fastest delivery Sun, Nov 20|",B09GK8VXS3,https://m.media-amazon.com/images/I/61qr1fdKZhL._AC_UL320_.jpg
1387,https://www.amazon.com/AIBRIT-Polish-Remover-Nails-Minutes/dp/B0B9SRZ7VT/ref=sr_1_16?crid=NUCAKQN2LCY6&keywords=nail+paint+remover&qid=1668802572&sprefix=nail+paint+remover%2Caps%2C101&sr=8-16,"AIBRIT Gel Nail Polish Remover,Gel Polish Remover for Nails 2 pcs,Soak off UV Gel Polish in 2-5 Minutes, 2 Pack 0.5 fl oz./15ml",1 Count (Pack of 2),4.1 out of 5 stars,6,$9.98,"FREE delivery Fri, Nov 25 on $25 of items shipped by AmazonOr fastest delivery Sun, Nov 20|",B0B9SRZ7VT,https://m.media-amazon.com/images/I/6109Jh6gwBL._AC_UL320_.jpg
1388,https://www.amazon.com/sspa/click?ie=UTF8&spc=MTo0NzY0MDcxMDk4MzUzMTQwOjE2Njg4MDI1NzI6c3BfbXRmOjIwMDA2MTQyNzQ0NzU5ODo6MDo6&url=%2FPronto-100-Pure-Acetone-Professional%2Fdp%2FB07TLZDSWR%2Fref%3Dsr_1_17_sspa%3Fcrid%3DNUCAKQN2LCY6%26keywords%3Dnail%2Bpaint%2Bremover%26qid%3D1668802572%26sprefix%3Dnail%2Bpaint%2Bremover%252Caps%252C101%26sr%3D8-17-spons%26sp_csd%3Dd2lkZ2V0TmFtZT1zcF9tdGY%26psc%3D1,"Pronto 100% Pure Acetone - Quick, Professional Nail Polish Remover - For Natural, Gel, Acrylic, Sculptured Nails (8 FL. OZ.)",Sponsored,4.5 out of 5 stars,"42,311",$9.99,"FREE delivery Fri, Nov 25 on $25 of items shipped by AmazonOr fastest delivery Sun, Nov 20||Small Business|Small Business|Small Business|<img alt="""" src=""https://m.media-amazon.com/images/I/111mHoVK0kL._SS200_.png"" height=""50px"" width=""50px""/>  Small Business|<img alt="""" src=""https://m.media-amazon.com/images/I/111mHoVK0kL._SS200_.png"" height=""50px"" width=""50px""/>  Small Business",B07TLZDSWR,https://m.media-amazon.com/images/I/61XC5r0f23L._AC_UL320_.jpg|https://m.media-amazon.com/images/I/111mHoVK0kL._SS200_.png|
1389,https://www.amazon.com/sspa/click?ie=UTF8&spc=MTo0NzY0MDcxMDk4MzUzMTQwOjE2Njg4MDI1NzI6c3BfbXRmOjIwMDA5MjY2OTY4ODc5ODo6MDo6&url=%2FSupernail-Nail-Polish-Remover-16%2Fdp%2FB009SDJUC4%2Fref%3Dsr_1_18_sspa%3Fcrid%3DNUCAKQN2LCY6%26keywords%3Dnail%2Bpaint%2Bremover%26qid%3D1668802572%26sprefix%3Dnail%2Bpaint%2Bremover%252Caps%252C101%26sr%3D8-18-spons%26sp_csd%3Dd2lkZ2V0TmFtZT1zcF9tdGY%26psc%3D1%26smid%3DASEVS99O6FS73,Supernail N/A Nail Polish Remover - 16 oz,Sponsored,4.5 out of 5 stars,450,$7.16,"FREE delivery Fri, Nov 25",B009SDJUC4,https://m.media-amazon.com/images/I/41dL7L2FzhL._AC_UL320_.jpg
1390,https://www.amazon.com/sspa/click?ie=UTF8&spc=MTo0NzY0MDcxMDk4MzUzMTQwOjE2Njg4MDI1NzI6c3BfbXRmOjIwMDEwNTQ4NTAyNzU5ODo6MDo6&url=%2FAIBRIT-Polish-Remover-Removedor-Esmalte%2Fdp%2FB0B9BBDWR3%2Fref%3Dsr_1_19_sspa%3Fcrid%3DNUCAKQN2LCY6%26keywords%3Dnail%2Bpaint%2Bremover%26qid%3D1668802572%26sprefix%3Dnail%2Bpaint%2Bremover%252Caps%252C101%26sr%3D8-19-spons%26sp_csd%3Dd2lkZ2V0TmFtZT1zcF9tdGY%26psc%3D1%26smid%3DALH26U61U8VEO,"AIBRIT Gel Nail Polish Remover, 2 Pack Nail Gel Polish Remover Set, Removedor de Esmalte Gel, 0.5 fl oz./15ml",Sponsored,4.6 out of 5 stars,85,$9.99,"FREE delivery Fri, Nov 25 on $25 of items shipped by AmazonOr fastest delivery Sun, Nov 20|",B0B9BBDWR3,https://m.media-amazon.com/images/I/61i9KutO1JL._AC_UL320_.jpg
1391,https://www.amazon.com/sspa/click?ie=UTF8&spc=MTo0NzY0MDcxMDk4MzUzMTQwOjE2Njg4MDI1NzI6c3BfbXRmOjIwMDA5ODY1NTQ0MTU5ODo6MDo6&url=%2Fella-mila-Lavender-Essential-Fingernail%2Fdp%2FB0121SN1QI%2Fref%3Dsr_1_20_sspa%3Fcrid%3DNUCAKQN2LCY6%26keywords%3Dnail%2Bpaint%2Bremover%26qid%3D1668802572%26sprefix%3Dnail%2Bpaint%2Bremover%252Caps%252C101%26sr%3D8-20-spons%26sp_csd%3Dd2lkZ2V0TmFtZT1zcF9tdGY%26psc%3D1%26smid%3DA2TT6OACSUTKT4,"ella+mila Soy Nail Polish Remover Non-Acetone Nail Polish Remover - Non-Toxic Fingernail Polish Remover - Enriched with Lavender Essential Oil & Vitamins A,C & E (4 fl oz)",Sponsored,4.3 out of 5 stars,"4,877",$11.49,"FREE delivery Fri, Nov 25 on $25 of items shipped by AmazonOr fastest delivery Sun, Nov 20||Small Business|Small Business|Small Business|<img alt="""" src=""https://m.media-amazon.com/images/I/111mHoVK0kL._SS200_.png"" height=""50px"" width=""50px""/>  Small Business|<img alt="""" src=""https://m.media-amazon.com/images/I/111mHoVK0kL._SS200_.png"" height=""50px"" width=""50px""/>  Small Business",B0121SN1QI,https://m.media-amazon.com/images/I/51Pm7wEfl-L._AC_UL320_.jpg|https://m.media-amazon.com/images/I/111mHoVK0kL._SS200_.png|
1392,https://www.amazon.com/ZOYA-Remove-Plus-Flipper-Bottle/dp/B001DTZK0C/ref=sr_1_21?crid=NUCAKQN2LCY6&keywords=nail+paint+remover&qid=1668802572&sprefix=nail+paint+remover%2Caps%2C101&sr=8-21,"ZOYA Remove Plus 3 in 1 Formula - Polish Remover, Nail Cleaner, Nail Prep, 8 Fl Oz",8 Fl Oz (Pack of 1),4.7 out of 5 stars,"5,018",$12.00,"FREE delivery Fri, Nov 25 on $25 of items shipped by AmazonOr fastest delivery Tue, Nov 22|",B001DTZK0C,https://m.media-amazon.com/images/I/51TrhUsJ6hL._AC_UL320_.jpg
1393,https://www.amazon.com/Remover-Effective-Removing-Manicure-Removedor/dp/B0BJ5L93JJ/ref=sr_1_22?crid=NUCAKQN2LCY6&keywords=nail+paint+remover&qid=1668802572&sprefix=nail+paint+remover%2Caps%2C101&sr=8-22,"Gel Nail Polish Remover 2 Pack, Gel Polish Remover Magic 3-5 Minutes Effective & Safe Removing, Manicure Remover Removedor de Gel for Nail Art",0.5 Fl Oz (Pack of 2),5.0 out of 5 stars,16,$9.99,"FREE delivery Fri, Nov 25 on $25 of items shipped by AmazonOr fastest delivery Tue, Nov 22|",B0BJ5L93JJ,https://m.media-amazon.com/images/I/518a1AxkMcL._AC_UL320_.jpg
1394,https://www.amazon.com/ella-mila-Unscented-Fingernail-Contains/dp/B082WN64RD/ref=sr_1_23?crid=NUCAKQN2LCY6&keywords=nail+paint+remover&qid=1668802572&sprefix=nail+paint+remover%2Caps%2C101&sr=8-23,"ella+mila Soy Nail Polish Remover Non-Acetone Nail Polish Remover - Non-Toxic Fingernail Polish Remover - Unscented & Enriched With Vitamins A, C & E (4 fl oz)",3.99 Fl Oz (Pack of 1),4.3 out of 5 stars,921,$11.49,"FREE delivery Fri, Nov 25 on $25 of items shipped by AmazonOr fastest delivery Sun, Nov 20||Small Business|Small Business|Small Business|<img alt="""" src=""https://m.media-amazon.com/images/I/111mHoVK0kL._SS200_.png"" height=""50px"" width=""50px""/>  Small Business|<img alt="""" src=""https://m.media-amazon.com/images/I/111mHoVK0kL._SS200_.png"" height=""50px"" width=""50px""/>  Small Business",B082WN64RD,https://m.media-amazon.com/images/I/31MTKqnquqL._AC_UL320_.jpg|https://m.media-amazon.com/images/I/111mHoVK0kL._SS200_.png|
1395,https://www.amazon.com/Polish-Remover-Professional-Soak-Off-Minutes/dp/B09F8ZY3Q5/ref=sr_1_24?crid=NUCAKQN2LCY6&keywords=nail+paint+remover&qid=1668802572&sprefix=nail+paint+remover%2Caps%2C101&sr=8-24,"Gel Nail Polish Remover, Professional Gel Polish Remover For Nails, Remove Soak-Off Gel Polish, Peel Off Gel Manicure In 3-6 Minutes Safely",0.5 Fl Oz (Pack of 1),3.8 out of 5 stars,208,$9.99,"FREE delivery Fri, Nov 25 on $25 of items shipped by AmazonOr fastest delivery Sun, Nov 20|",B09F8ZY3Q5,https://m.media-amazon.com/images/I/51QOfb2nNvL._AC_UL320_.jpg
1396,https://www.amazon.com/BesTby-Nail-Polish-Gel-Remover/dp/B0B75SHZLR/ref=sr_1_25?crid=NUCAKQN2LCY6&keywords=nail+paint+remover&qid=1668802572&sprefix=nail+paint+remover%2Caps%2C101&sr=8-25,"BesTby Nail Polish Gel Remover - Quick Gel Polish Remover for Nails 3-5 Minutes, Gel Nail Remover Kit No Any More Soaking or Wrapping Your Nails, Rollerball Cuticle Oil with Vitamin E Repair Moisturized Dryness Damaged Nails",($13.97/Count),4.1 out of 5 stars,26,$13.97,"FREE delivery Fri, Nov 25 on $25 of items shipped by AmazonOr fastest delivery Sun, Nov 20|",B0B75SHZLR,https://m.media-amazon.com/images/I/71qV2IzxMSL._AC_UL320_.jpg
1397,https://www.amazon.com/Morovan-Nail-Remover-Gel-Polish/dp/B09N78YVYD/ref=sr_1_26?crid=NUCAKQN2LCY6&keywords=nail+paint+remover&qid=1668802572&sprefix=nail+paint+remover%2Caps%2C101&sr=8-26,Morovan Nail Remover Gel Polish Remover Kit - Nail Polish Remover Set with Everything Latex Tape Peel Off Liquid with Cuticle Pusher Peeler Cuticle Oil Nail File Cleaner Quick Remove Soak-off UV Gel Glitter Color Paints,7 Piece Set,4.0 out of 5 stars,697,$17.99,"FREE delivery Fri, Nov 25 on $25 of items shipped by AmazonOr fastest delivery Sun, Nov 20|",B09N78YVYD,https://m.media-amazon.com/images/I/810t0U4KcDL._AC_UL320_.jpg
1398,https://www.amazon.com/AIBRIT-Polish-Remover-Removedor-Esmalte/dp/B0B9BBDWR3/ref=sr_1_27?crid=NUCAKQN2LCY6&keywords=nail+paint+remover&qid=1668802572&sprefix=nail+paint+remover%2Caps%2C101&sr=8-27,"AIBRIT Gel Nail Polish Remover, 2 Pack Nail Gel Polish Remover Set, Removedor de Esmalte Gel, 0.5 fl oz./15ml",($5.00/Count),4.6 out of 5 stars,85,$9.99,"FREE delivery Fri, Nov 25 on $25 of items shipped by AmazonOr fastest delivery Sun, Nov 20|",B0B9BBDWR3,https://m.media-amazon.com/images/I/61i9KutO1JL._AC_UL320_.jpg
1399,https://www.amazon.com/Remover-Professional-Wrapping-Soak-off-0-5fl-oz/dp/B09Z2TKLJM/ref=sr_1_28?crid=NUCAKQN2LCY6&keywords=nail+paint+remover&qid=1668802572&sprefix=nail+paint+remover%2Caps%2C101&sr=8-28,"Gel Nail Polish Remover, (2PACK)Gel Remover for Nails, Professional Gel Polish Remover No Need for Foil, Soaking or Wrapping, Remove Gel Nail Polish within 3-5 Minutes, Quick Remove Soak-off UV Gel Glitter Color Paints, 15ml/0.5fl.oz",0.5 Fl Oz (Pack of 2),4.0 out of 5 stars,"2,724",$15.99,"FREE delivery Fri, Nov 25 on $25 of items shipped by AmazonOr fastest delivery Sun, Nov 20|",B09Z2TKLJM,https://m.media-amazon.com/images/I/61Z6ZaxlF7L._AC_UL320_.jpg
1400,https://www.amazon.com/Remover-Instant-Removal-Regular-Air-dried/dp/B095KNDQQK/ref=sr_1_29?crid=NUCAKQN2LCY6&keywords=nail+paint+remover&qid=1668802572&sprefix=nail+paint+remover%2Caps%2C101&sr=8-29,"80PCS Nail Polish Remover Pads in Box, Easy to Carry | Instant Removal | Lint Free Nail Polish Wipes for Natural Air-dried Water/ Oil Based Nail Polish Soak Off",40 Count (Pack of 2),4.1 out of 5 stars,582,$11.88,"FREE delivery Fri, Nov 25 on $25 of items shipped by AmazonOr fastest delivery Sun, Nov 20|",B095KNDQQK,https://m.media-amazon.com/images/I/51eA00fNcqS._AC_UL320_.jpg
1401,https://www.amazon.com/1080PCS-Disposable-Remover-Dispenser-Acrylic/dp/B0BBSXXGKJ/ref=sr_1_30?crid=NUCAKQN2LCY6&keywords=nail+paint+remover&qid=1668802572&sprefix=nail+paint+remover%2Caps%2C101&sr=8-30,"1080PCS Lint Free Nail Wipes, Disposable Lint Free Nail Polish Remover Pads with a Pump Dispenser Bottle Orange Stick for Gel Polish Acrylic Nail Remover, Blue",($3.33/Count),4.6 out of 5 stars,18,$9.99,"FREE delivery Fri, Nov 25 on $25 of items shipped by AmazonOr fastest delivery Sun, Nov 20|",B0BBSXXGKJ,https://m.media-amazon.com/images/I/71r4r+ObiJL._AC_UL320_.jpg
1402,https://www.amazon.com/Teenitor-Polish-Remover-Tools-Clips/dp/B0BG1TVKMD/ref=sr_1_31?crid=NUCAKQN2LCY6&keywords=nail+paint+remover&qid=1668802572&sprefix=nail+paint+remover%2Caps%2C101&sr=8-31,"Teenitor Gel Polish Remover Tools, Nail Clips, Gel Soak Off Tools, Nail Remover Kit",($9.99/Count),4.7 out of 5 stars,13,$9.99,"FREE delivery Fri, Nov 25 on $25 of items shipped by AmazonOr fastest delivery Mon, Nov 21|",B0BG1TVKMD,https://m.media-amazon.com/images/I/81UQjVKtz+L._AC_UL320_.jpg
1403,https://www.amazon.com/BLUERISE-1000Pcs-Absorbable-Extension-Cleaning/dp/B09HBTHXXP/ref=sr_1_32?crid=NUCAKQN2LCY6&keywords=nail+paint+remover&qid=1668802572&sprefix=nail+paint+remover%2Caps%2C101&sr=8-32,BLUERISE 1000Pcs Pink Nail Pliosh Remover Lint Free Nail Wipes Soft Gel Nail Polish Remover Pads Absorbable Eyelash Extension Glue Cleaning Wipes,1000 Count (Pack of 1),4.6 out of 5 stars,864,$9.99,"FREE delivery Fri, Nov 25 on $25 of items shipped by AmazonOr fastest delivery Sun, Nov 20|",B09HBTHXXP,https://m.media-amazon.com/images/I/71wNTyymQzL._AC_UL320_.jpg
1404,https://www.amazon.com/sspa/click?ie=UTF8&spc=MTo0NzY0MDcxMDk4MzUzMTQwOjE2Njg4MDI1NzI6c3BfbXRmOjIwMDEwNDE1MTczMjk5ODo6MDo6&url=%2FPronto-Acetone-Remover-Remover-Fingernail%2Fdp%2FB0B5Y7XKF8%2Fref%3Dsr_1_33_sspa%3Fcrid%3DNUCAKQN2LCY6%26keywords%3Dnail%2Bpaint%2Bremover%26qid%3D1668802572%26sprefix%3Dnail%2Bpaint%2Bremover%252Caps%252C101%26sr%3D8-33-spons%26sp_csd%3Dd2lkZ2V0TmFtZT1zcF9tdGY%26psc%3D1,"Pronto Non Acetone Nail Polish Remover.- Acetone Free Nail Gel Polish Remover with Fast Effect Non Drying Formula for Removal of Nail Polish Glitter, Pop & Nail Glue for All Fingernail Type - 6 Fl Oz",Sponsored,4.7 out of 5 stars,19,$9.99,"FREE delivery Fri, Nov 25 on $25 of items shipped by AmazonOr fastest delivery Tue, Nov 22||Small Business|Small Business|Small Business|<img alt="""" src=""https://m.media-amazon.com/images/I/111mHoVK0kL._SS200_.png"" height=""50px"" width=""50px""/>  Small Business|<img alt="""" src=""https://m.media-amazon.com/images/I/111mHoVK0kL._SS200_.png"" height=""50px"" width=""50px""/>  Small Business",B0B5Y7XKF8,https://m.media-amazon.com/images/I/51aHvvvyeXL._AC_UL320_.jpg|https://m.media-amazon.com/images/I/111mHoVK0kL._SS200_.png|
1405,https://www.amazon.com/sspa/click?ie=UTF8&spc=MTo0NzY0MDcxMDk4MzUzMTQwOjE2Njg4MDI1NzI6c3BfbXRmOjIwMDA3MDIwNTYyNjM5ODo6MDo6&url=%2FPolish-Remover-Professional-Soak-Off-Minutes%2Fdp%2FB0B8SPDRJT%2Fref%3Dsr_1_34_sspa%3Fcrid%3DNUCAKQN2LCY6%26keywords%3Dnail%2Bpaint%2Bremover%26qid%3D1668802572%26sprefix%3Dnail%2Bpaint%2Bremover%252Caps%252C101%26sr%3D8-34-spons%26sp_csd%3Dd2lkZ2V0TmFtZT1zcF9tdGY%26psc%3D1,"Gel Nail Polish Remover -2 Pack, Professional Remove Gel Nail Polish, Remove Soak-Off Gel Polish, Peel Off In 3-6 Minutes",Sponsored,3.9 out of 5 stars,"3,019",$15.99,"FREE delivery Fri, Nov 25 on $25 of items shipped by AmazonOr fastest delivery Sun, Nov 20|",B0B8SPDRJT,https://m.media-amazon.com/images/I/515FSE1B3EL._AC_UL320_.jpg
1406,https://www.amazon.com/sspa/click?ie=UTF8&spc=MTo0NzY0MDcxMDk4MzUzMTQwOjE2Njg4MDI1NzI6c3BfbXRmOjIwMDA5ODY1NTQ0MTk5ODo6MDo6&url=%2Fella-mila-Unscented-Fingernail-Contains%2Fdp%2FB082WN64RD%2Fref%3Dsr_1_35_sspa%3Fcrid%3DNUCAKQN2LCY6%26keywords%3Dnail%2Bpaint%2Bremover%26qid%3D1668802572%26sprefix%3Dnail%2Bpaint%2Bremover%252Caps%252C101%26sr%3D8-35-spons%26sp_csd%3Dd2lkZ2V0TmFtZT1zcF9tdGY%26psc%3D1,"ella+mila Soy Nail Polish Remover Non-Acetone Nail Polish Remover - Non-Toxic Fingernail Polish Remover - Unscented & Enriched With Vitamins A, C & E (4 fl oz)",Sponsored,4.3 out of 5 stars,921,$11.49,"FREE delivery Fri, Nov 25 on $25 of items shipped by AmazonOr fastest delivery Sun, Nov 20||Small Business|Small Business|Small Business|<img alt="""" src=""https://m.media-amazon.com/images/I/111mHoVK0kL._SS200_.png"" height=""50px"" width=""50px""/>  Small Business|<img alt="""" src=""https://m.media-amazon.com/images/I/111mHoVK0kL._SS200_.png"" height=""50px"" width=""50px""/>  Small Business",B082WN64RD,https://m.media-amazon.com/images/I/31MTKqnquqL._AC_UL320_.jpg|https://m.media-amazon.com/images/I/111mHoVK0kL._SS200_.png|
1407,https://www.amazon.com/sspa/click?ie=UTF8&spc=MTo0NzY0MDcxMDk4MzUzMTQwOjE2Njg4MDI1NzI6c3BfbXRmOjIwMDA5ODY0NzIzNjY5ODo6MDo6&url=%2Fella-mila-Unscented-Fingernail-Contains%2Fdp%2FB082WMJXR3%2Fref%3Dsr_1_36_sspa%3Fcrid%3DNUCAKQN2LCY6%26keywords%3Dnail%2Bpaint%2Bremover%26qid%3D1668802572%26sprefix%3Dnail%2Bpaint%2Bremover%252Caps%252C101%26sr%3D8-36-spons%26sp_csd%3Dd2lkZ2V0TmFtZT1zcF9tdGY%26psc%3D1,"ella+mila""Soy Nail Polish Remover Wipes"" | Non Acetone & Alcohol Free | Unscented Pads Best For Natural Fingernail | Contains Vitamins A, C, E (5-Pack)",Sponsored,4.3 out of 5 stars,"1,081",$4.99,"FREE delivery Fri, Nov 25 on $25 of items shipped by AmazonOr fastest delivery Sun, Nov 20||Small Business|Small Business|Small Business|<img alt="""" src=""https://m.media-amazon.com/images/I/111mHoVK0kL._SS200_.png"" height=""50px"" width=""50px""/>  Small Business|<img alt="""" src=""https://m.media-amazon.com/images/I/111mHoVK0kL._SS200_.png"" height=""50px"" width=""50px""/>  Small Business",B082WMJXR3,https://m.media-amazon.com/images/I/71ZCcgBsCKL._AC_UL320_.jpg|https://m.media-amazon.com/images/I/111mHoVK0kL._SS200_.png|
1408,https://www.amazon.com/Polish-Remover-Bettycora-Manicure-Cuticle/dp/B0BGRCJY9C/ref=sr_1_37?crid=NUCAKQN2LCY6&keywords=nail+paint+remover&qid=1668802572&sprefix=nail+paint+remover%2Caps%2C101&sr=8-37,"Gel Nail Polish Remover, Bettycora 15ML Gel Remover for Nail Gel Nail Remover Manicure Kit 2Pcs with Cuticle Pusher Nail File",3 Fl Oz (Pack of 2),3.5 out of 5 stars,14,$11.99,"FREE delivery Fri, Nov 25 on $25 of items shipped by AmazonOr fastest delivery Sun, Nov 20|",B0BGRCJY9C,https://m.media-amazon.com/images/I/71uor243J+L._AC_UL320_.jpg
1409,https://www.amazon.com/Remover-Effective-Convenient-Professional-Protect/dp/B0BLNP8NDX/ref=sr_1_38?crid=NUCAKQN2LCY6&keywords=nail+paint+remover&qid=1668802572&sprefix=nail+paint+remover%2Caps%2C101&sr=8-38,2 Pack Magic Gel Nail Polish Remover Effective Convenient Nail Paint Remover Professional Protect Nails Just 3-5 Minutes to Remove (Blue20),0.5 Fl Oz (Pack of 2),4.0 out of 5 stars,450,$15.99,"FREE delivery Fri, Nov 25 on $25 of items shipped by AmazonOr fastest delivery Sun, Nov 20|",B0BLNP8NDX,https://m.media-amazon.com/images/I/61O60ME7HuL._AC_UL320_.jpg
1410,https://www.amazon.com/Cutex-Swipe-Nail-Polish-Remover/dp/B07KWH7RG9/ref=sr_1_39?crid=NUCAKQN2LCY6&keywords=nail+paint+remover&qid=1668802572&sprefix=nail+paint+remover%2Caps%2C101&sr=8-39,Cutex Swipe and Go Nail Polish Remover Pads (Pack of 2),10 Count (Pack of 2),4.8 out of 5 stars,"1,932",$9.99,"FREE delivery Fri, Nov 25 on $25 of items shipped by AmazonOr fastest delivery Sun, Nov 20|",B07KWH7RG9,https://m.media-amazon.com/images/I/51+n4iB+nIL._AC_UL320_.jpg
1411,https://www.amazon.com/Polish-Remover-Professional-Soak-Off-Minutes/dp/B0B67P1R88/ref=sr_1_40?crid=NUCAKQN2LCY6&keywords=nail+paint+remover&qid=1668802572&sprefix=nail+paint+remover%2Caps%2C101&sr=8-40,"Gel Nail Polish Remover (15ML), Professional Gel Remover For Nails, Gel Nail Remover, Remove Soak-Off Gel Polish In 3-6 Minutes, Dont Hurt Our Nails",1 Count (Pack of 1),3.9 out of 5 stars,"3,019",$9.99,"FREE delivery Fri, Nov 25 on $25 of items shipped by AmazonOr fastest delivery Sun, Nov 20|",B0B67P1R88,https://m.media-amazon.com/images/I/71Qz9eduvaL._AC_UL320_.jpg
1412,https://www.amazon.com/Polish-Remover-Cuticle-Removal-Manicure/dp/B0BBTBPWFP/ref=sr_1_41?crid=NUCAKQN2LCY6&keywords=nail+paint+remover&qid=1668802572&sprefix=nail+paint+remover%2Caps%2C101&sr=8-41,"Gel Nail Polish Remover Kit, Cuticle Remover, Dip Nail Removal, Nail Care Manicure Set",1 Count (Pack of 1),4.9 out of 5 stars,17,$11.99,"FREE delivery Fri, Nov 25 on $25 of items shipped by AmazonOr fastest delivery Sun, Nov 20|",B0BBTBPWFP,https://m.media-amazon.com/images/I/81If2xfl8rL._AC_UL320_.jpg
1413,https://www.amazon.com/Extension-Absorbent-Non-Woven-Dispenser-Disposable/dp/B0BCWDPHN9/ref=sr_1_42?crid=NUCAKQN2LCY6&keywords=nail+paint+remover&qid=1668802572&sprefix=nail+paint+remover%2Caps%2C101&sr=8-42,"1080 PCS Pink Lint Free Nail Wipes, Eyelash Extension Wipes, Super Absorbent Soft Non-Woven with a Pump Dispenser Bottle Disposable Nail Polish Remover for Polish Clean Acrylic Nails Remover",($5.00/Count),5.0 out of 5 stars,5,$9.99,"FREE delivery Fri, Nov 25 on $25 of items shipped by AmazonOr fastest delivery Mon, Nov 21|",B0BCWDPHN9,https://m.media-amazon.com/images/I/815FbIo+DlL._AC_UL320_.jpg
1414,https://www.amazon.com/HiMo-Plastic-Acrylic-Polish-Remover/dp/B07X1WDFTX/ref=sr_1_43?crid=NUCAKQN2LCY6&keywords=nail+paint+remover&qid=1668802572&sprefix=nail+paint+remover%2Caps%2C101&sr=8-43,HiMo 10PC Plastic Acrylic Nail Art Soak Off Cap Clip UV Gel Polish Remover Wrap Tool (Pink),10 Count (Pack of 1),4.4 out of 5 stars,"26,766",$3.98,"FREE delivery Fri, Nov 25 on $25 of items shipped by AmazonOr fastest delivery Sun, Nov 20|",B07X1WDFTX,https://m.media-amazon.com/images/I/51hiaQnvcPL._AC_UL320_.jpg
1415,https://www.amazon.com/XIFEPFR-Gel-Nail-Polish-Remover/dp/B0B4NRRZCZ/ref=sr_1_44?crid=NUCAKQN2LCY6&keywords=nail+paint+remover&qid=1668802572&sprefix=nail+paint+remover%2Caps%2C101&sr=8-44,"XIFEPFR Gel Nail Polish Remover Kit - 2 Pack Gel Polish Remover with Latex Tape Peel Off Liquid & Manicure Tools, 2-5 Minutes Professional Quick Remove Gel Nail Polish, No Soaking or Wrapping",8 Piece Set,4.0 out of 5 stars,151,$9.99,"FREE delivery Fri, Nov 25 on $25 of items shipped by AmazonOr fastest delivery Sun, Nov 20|",B0B4NRRZCZ,https://m.media-amazon.com/images/I/71Sq5vaNWCL._AC_UL320_.jpg
1416,https://www.amazon.com/Professional-Cleaner-Stainless-Triangle-Remover/dp/B0B9XT334H/ref=sr_1_45?crid=NUCAKQN2LCY6&keywords=nail+paint+remover&qid=1668802572&sprefix=nail+paint+remover%2Caps%2C101&sr=8-45,2 Pcs Professional Cleaner Stainless Steel Triangle Stick Rod UV Gel Polish Remover Wet Paper Nail Care Wipe Nail Polish Remover,($5.99/Count),,,$5.99,"FREE delivery Fri, Nov 25 on $25 of items shipped by AmazonOr fastest delivery Sun, Nov 20|",B0B9XT334H,https://m.media-amazon.com/images/I/51XYSiNuJ0L._AC_UL320_.jpg
1417,https://www.amazon.com/Nail-Polish-Remover-Pads-Ingredients/dp/B086VT5QYN/ref=sr_1_46?crid=NUCAKQN2LCY6&keywords=nail+paint+remover&qid=1668802572&sprefix=nail+paint+remover%2Caps%2C101&sr=8-46,Nail Polish Remover Pads - (128 Count) - On the Go & Travel - Lint Free Nail Polish Wipes - Pre-soaked Pads Made All Natural Ingredients - Cuticle Wipes - No Harsh Odor or Chemicals,128 Count (Pack of 4),4.1 out of 5 stars,174,$8.99,"FREE delivery Sun, Nov 27 on $25 of items shipped by AmazonOr fastest delivery Wed, Nov 23||Small Business|Small Business|Small Business|<img alt="""" src=""https://m.media-amazon.com/images/I/111mHoVK0kL._SS200_.png"" height=""50px"" width=""50px""/>  Small Business|<img alt="""" src=""https://m.media-amazon.com/images/I/111mHoVK0kL._SS200_.png"" height=""50px"" width=""50px""/>  Small Business",B086VT5QYN,https://m.media-amazon.com/images/I/81sau3PEVlL._AC_UL320_.jpg|https://m.media-amazon.com/images/I/111mHoVK0kL._SS200_.png|
1418,https://www.amazon.com/Soaking-Remover-Manicure-Acrylic-Cuticle/dp/B09X9T5F98/ref=sr_1_47?crid=NUCAKQN2LCY6&keywords=nail+paint+remover&qid=1668802572&sprefix=nail+paint+remover%2Caps%2C101&sr=8-47,"Nail Soaking Bowl, Soak Off Bowl Gel Polish Remover Manicure Bowl for Acrylic Nails with Cuticle Peeler Cuticle Pusher Nail Files for Salon Home Nail Art (Pink)",6 Piece Set,4.6 out of 5 stars,65,$7.99,"FREE delivery Fri, Nov 25 on $25 of items shipped by AmazonOr fastest delivery Mon, Nov 21|",B09X9T5F98,https://m.media-amazon.com/images/I/71z+O2PYrFL._AC_UL320_.jpg
1419,https://www.amazon.com/POCKCAT-Remover-Minutes-Wrapping-Required/dp/B0B4T32TZ6/ref=sr_1_48?crid=NUCAKQN2LCY6&keywords=nail+paint+remover&qid=1668802572&sprefix=nail+paint+remover%2Caps%2C101&sr=8-48,"POCKCAT Gel Nail Remover,Quick Gel Polish Remover For Nails 3-5 Minutes Gel Remover No Foil Soaking or Wrapping Required",($8.99/Count),3.5 out of 5 stars,3,$8.99,"FREE delivery Fri, Nov 25 on $25 of items shipped by AmazonOr fastest delivery Sun, Nov 20|",B0B4T32TZ6,https://m.media-amazon.com/images/I/61UFwgztFqL._AC_UL320_.jpg
1420,https://www.amazon.com/ALIVER-Gel-Nail-Polish-Remover/dp/B0B6WCGDZ6/ref=sr_1_49?crid=NUCAKQN2LCY6&keywords=nail+paint+remover&qid=1668802572&sprefix=nail+paint+remover%2Caps%2C101&sr=8-49,"ALIVER Gel Nail Polish Remover Kit - Magic Gel Polish Remover with Nail Cuticle Oil, Quickly and Easily Remove Gel Nail Polish, Effectively Moisturizes and Strengthens Nails, No Irritating, 0.5fl.oz",0.5 Fl Oz (Pack of 2),4.3 out of 5 stars,23,$15.99,"FREE delivery Fri, Nov 25 on $25 of items shipped by AmazonOr fastest delivery Mon, Nov 21|",B0B6WCGDZ6,https://m.media-amazon.com/images/I/61-s+4HDa5L._AC_UL320_.jpg
1421,https://www.amazon.com/Remover-Minutes-Professional-Soaking-Wrapping/dp/B0BDR65492/ref=sr_1_50?crid=NUCAKQN2LCY6&keywords=nail+paint+remover&qid=1668802572&sprefix=nail+paint+remover%2Caps%2C101&sr=8-50,"Gel Nail Polish Remover,Quick & Easy Polish Remover In 2-3 Minutes,Professional Remove Gel Nail Polish,No Need For Foil,Soaking or Wrapping 15ml (1Pack)",($2.66/Ounce),4.2 out of 5 stars,31,$7.99,"FREE delivery Fri, Nov 25 on $25 of items shipped by AmazonOr fastest delivery Sun, Nov 20|",B0BDR65492,https://m.media-amazon.com/images/I/71BZK4hOgcL._AC_UL320_.jpg
1422,https://www.amazon.com/Polish-Remover-Professional-Remove-Minutes/dp/B08JCMK7PC/ref=sr_1_51?crid=NUCAKQN2LCY6&keywords=nail+paint+remover&qid=1668802572&sprefix=nail+paint+remover%2Caps%2C101&sr=8-51,"(3 PACK) Gel Nail Polish Remover, Professional Remove Gel Nail Polish Within 3-6 Minutes - Quick & Easy - No Need For Foil, Soaking Or Wrapping",0.5 Fl Oz (Pack of 3),4.1 out of 5 stars,"1,106",$19.99,"FREE delivery Fri, Nov 25 on $25 of items shipped by AmazonOr fastest delivery Sun, Nov 20|",B08JCMK7PC,https://m.media-amazon.com/images/I/61oelGOHUSS._AC_UL320_.jpg
1423,https://www.amazon.com/Extension-Container-Absorbent-Non-Woven-Remover-Pink/dp/B0BJ2YZ469/ref=sr_1_52?crid=NUCAKQN2LCY6&keywords=nail+paint+remover&qid=1668802572&sprefix=nail+paint+remover%2Caps%2C101&sr=8-52,"1000 PCS Lint Free Nail Wipes,Eyelash Extension Glue Wipes with Container,Super Absorbent Soft Non-Woven Fabric Lash Glue Wipes,Lint Free Wipe for Lash Extension Supplies & Nail Polish Remover-Pink",($0.01/Count),4.3 out of 5 stars,9,$9.99,"FREE delivery Fri, Nov 25 on $25 of items shipped by AmazonOr fastest delivery Sun, Nov 20|",B0BJ2YZ469,https://m.media-amazon.com/images/I/71EgGa5BIhL._AC_UL320_.jpg
1424,https://www.amazon.com/Polish-Remover-Nails-Removedor-Esmalte/dp/B0B9SF99GK/ref=sr_1_53?crid=NUCAKQN2LCY6&keywords=nail+paint+remover&qid=1668802572&sprefix=nail+paint+remover%2Caps%2C101&sr=8-53,"Gel Nail Polish Remover, 2 pcs Gel Polish Remover for Nails, Soak off Nail Gel Polish Remover Removedor de Esmalte Gel, 2 Pack 0.5 fl oz./15ml",1 Count (Pack of 1),5.0 out of 5 stars,1,$6.99,"FREE delivery Fri, Nov 25 on $25 of items shipped by AmazonOr fastest delivery Tue, Nov 22|",B0B9SF99GK,https://m.media-amazon.com/images/I/51DVrS6reDL._AC_UL320_.jpg
1425,https://www.amazon.com/Polish-Remover-Minutes-Easily-Quickly/dp/B0BB24NYZ8/ref=sr_1_54?crid=NUCAKQN2LCY6&keywords=nail+paint+remover&qid=1668802572&sprefix=nail+paint+remover%2Caps%2C101&sr=8-54,"Gel Nail Polish Remover, (0.5 Fl Oz) Gel Polish Remover for Nails in 3-5 Minutes No Need for Foil, Easily & Quickly Soak Off Gel Polish, (1 PC)",0.5 Fl Oz (Pack of 1),4.1 out of 5 stars,37,$9.99,"FREE delivery Fri, Nov 25 on $25 of items shipped by AmazonOr fastest delivery Sun, Nov 20|",B0BB24NYZ8,https://m.media-amazon.com/images/I/61gJnEBImiL._AC_UL320_.jpg
1426,https://www.amazon.com/Nailite-Nail-Polish-Remover-Ultra-Powerful/dp/B08RLJ4T55/ref=sr_1_55?crid=NUCAKQN2LCY6&keywords=nail+paint+remover&qid=1668802572&sprefix=nail+paint+remover%2Caps%2C101&sr=8-55,"Nailite Nail Polish Remover – 100% Pure Acetone, Quick Professional Ultra-Powerful Remover, for Natural, Gel, Acrylic, Shellac Nails and Dark Colored Paints (8 Fl. Oz.)",8 Fl Oz (Pack of 1),4.4 out of 5 stars,405,$9.99,"FREE delivery Fri, Nov 25 on $25 of items shipped by AmazonOr fastest delivery Tue, Nov 22||Small Business|Small Business|Small Business|<img alt="""" src=""https://m.media-amazon.com/images/I/111mHoVK0kL._SS200_.png"" height=""50px"" width=""50px""/>  Small Business|<img alt="""" src=""https://m.media-amazon.com/images/I/111mHoVK0kL._SS200_.png"" height=""50px"" width=""50px""/>  Small Business",B08RLJ4T55,https://m.media-amazon.com/images/I/61LJV3HpVZL._AC_UL320_.jpg|https://m.media-amazon.com/images/I/111mHoVK0kL._SS200_.png|
1427,https://www.amazon.com/Piggy-Paint-Polish-Remover-Fluid/dp/B00627S12E/ref=sr_1_56?crid=NUCAKQN2LCY6&keywords=nail+paint+remover&qid=1668802572&sprefix=nail+paint+remover%2Caps%2C101&sr=8-56,"Piggy Paint 100% Non-toxic Girls Nail Polish, Safe, Chemical Free, Low Odor for Kids - Remover, 4 oz",4 Fl Oz (Pack of 1),4.0 out of 5 stars,379,$17.09,"FREE delivery Fri, Nov 25 on $25 of items shipped by Amazon|",B00627S12E,https://m.media-amazon.com/images/I/61iBrgG9xnL._AC_UL320_.jpg
1428,https://www.amazon.com/LOUINSTIC-Gel-Nail-Polish-Remover/dp/B09LDFTT6N/ref=sr_1_57?crid=NUCAKQN2LCY6&keywords=nail+paint+remover&qid=1668802572&sprefix=nail+paint+remover%2Caps%2C101&sr=8-57,"LOUINSTIC Gel Nail Polish Remover - Gel Polish Remover and Cuticle Oil for Nails, 3-5 Minutes Quick Gel Remover for Nails",4 Piece Set,4.0 out of 5 stars,357,$14.99,"FREE delivery Fri, Nov 25 on $25 of items shipped by AmazonOr fastest delivery Sun, Nov 20|",B09LDFTT6N,https://m.media-amazon.com/images/I/716gwOqxZ9L._AC_UL320_.jpg
1429,https://www.amazon.com/Remover-AIBRIT-Minutes-Wrapping-Non-Irritating/dp/B0B9SQ518V/ref=sr_1_58?crid=NUCAKQN2LCY6&keywords=nail+paint+remover&qid=1668802572&sprefix=nail+paint+remover%2Caps%2C101&sr=8-58,"Gel Nail Polish Remover, AIBRIT 2 Pack Gel Polish Remover for Nails, Remove Soak off Gel Polish and Nail Polish, Removedor de Esmalte Gel, No Need Foil or Soaking or Wrapping,Non-Irritating Odor Nail Remover, 0.5 fl oz./15ml Per",($9.98/Count),5.0 out of 5 stars,3,$9.98,"FREE delivery Fri, Nov 25 on $25 of items shipped by AmazonOr fastest delivery Tue, Nov 22|",B0B9SQ518V,https://m.media-amazon.com/images/I/61jYUN1arZL._AC_UL320_.jpg
1430,https://www.amazon.com/sspa/click?ie=UTF8&spc=MTo0NzY0MDcxMDk4MzUzMTQwOjE2Njg4MDI1NzI6c3BfYnRmOjIwMDEwMzgwMjc5OTM5ODo6MDo6&url=%2FPOCKCAT-Remover-Minutes-Wrapping-Required%2Fdp%2FB0B4T32TZ6%2Fref%3Dsr_1_59_sspa%3Fcrid%3DNUCAKQN2LCY6%26keywords%3Dnail%2Bpaint%2Bremover%26qid%3D1668802572%26sprefix%3Dnail%2Bpaint%2Bremover%252Caps%252C101%26sr%3D8-59-spons%26sp_csd%3Dd2lkZ2V0TmFtZT1zcF9idGY%26psc%3D1,"POCKCAT Gel Nail Remover,Quick Gel Polish Remover For Nails 3-5 Minutes Gel Remover No Foil Soaking or Wrapping Required",Sponsored,3.5 out of 5 stars,3,$8.99,"FREE delivery Fri, Nov 25 on $25 of items shipped by AmazonOr fastest delivery Sun, Nov 20|",B0B4T32TZ6,https://m.media-amazon.com/images/I/61UFwgztFqL._AC_UL320_.jpg
1431,https://www.amazon.com/sspa/click?ie=UTF8&spc=MTo0NzY0MDcxMDk4MzUzMTQwOjE2Njg4MDI1NzI6c3BfYnRmOjIwMDA5NTI4NDY4MzYzMTo6MDo6&url=%2FPack-Nail-Polish-Remover-Nails%2Fdp%2FB0995TSCRV%2Fref%3Dsr_1_60_sspa%3Fcrid%3DNUCAKQN2LCY6%26keywords%3Dnail%2Bpaint%2Bremover%26qid%3D1668802572%26sprefix%3Dnail%2Bpaint%2Bremover%252Caps%252C101%26sr%3D8-60-spons%26sp_csd%3Dd2lkZ2V0TmFtZT1zcF9idGY%26psc%3D1%26smid%3DA220TYBZHGY6UE,"3 Pack Nail Polish Remover, Gel Remover for Nails - Removes Nail Polish in 5-6 Minutes, Quickly & Easily, No Need Tin Foil & Don't Hurt Nails (Blue)",Sponsored,4.1 out of 5 stars,773,$19.99,"FREE delivery Fri, Nov 25 on $25 of items shipped by AmazonOr fastest delivery Sun, Nov 20|",B0995TSCRV,https://m.media-amazon.com/images/I/61v30WUHHVL._AC_UL320_.jpg
1432,https://aax-us-iad.amazon.com/x/c/RErw5yIS6EJqTfsJwqT05uIAAAGEjGJv9QEAAAH2AQBOL0EgICAgICAgICAgICBOL0EgICAgICAgICAgICCF6xnS/https://www.amazon.com/dp/B0BFLHKB61?pd_rd_i=B0BFLHKB61&pf_rd_p=55defc4a-7c1e-47a7-8d1d-5cc458cca688&pf_rd_r=T7MNP9Y4RV04XXRFNG3G&pd_rd_wg=98Blk&pd_rd_w=r8tTh&pd_rd_r=c4e44726-0153-4045-8f0c-0d0827a6cf50,"Gel Polish Remover for Nails, Gel Nail Polish Remover Soak-Off Gel Polish - Quickly&Easily Remove Nail Polish Within 3-5 Minutes, No Need Tin Foil & Don't Hurt Nails, Professional Non-Irritating Gel Nail Polish Remover 1 Pack",Sponsored,4.6 out of 5 stars,40,$9.99,"FREE delivery Fri, Nov 25 on $25 of items shipped by AmazonOr fastest delivery Sun, Nov 20|",,
1440,https://www.amazon.com/sspa/click?ie=UTF8&spc=MTo2NDQ0ODU1ODAxNjgwMzM5OjE2Njg4MDI2MzI6c3BfYXRmOjIwMDA3NTkzNzEwNTE5ODo6MDo6&url=%2FBESTOPE-Synthetic-Foundation-Blending-Concealers%2Fdp%2FB0773PWTY3%2Fref%3Dsr_1_1_sspa%3Fcrid%3D2BLU2535N71S1%26keywords%3Dmakeup%2Bbrushes%26qid%3D1668802632%26sprefix%3Dmakeup%2Bbrushes%252Caps%252C171%26sr%3D8-1-spons%26sp_csd%3Dd2lkZ2V0TmFtZT1zcF9hdGY%26psc%3D1,"Makeup Brushes Makeup Brush Set - 16 Pcs BESTOPE PRO Premium Synthetic Foundation Concealers Eye Shadows Make Up Brushes set,Eyeliner Brushes(RoseGold)",Sponsored,4.5 out of 5 stars,"9,408",$9.99,"FREE delivery Fri, Nov 25 on $25 of items shipped by AmazonOr fastest delivery Sun, Nov 20|",B0773PWTY3,https://m.media-amazon.com/images/I/71ppOZ9v-LL._AC_UL320_.jpg
1441,https://www.amazon.com/sspa/click?ie=UTF8&spc=MTo2NDQ0ODU1ODAxNjgwMzM5OjE2Njg4MDI2MzI6c3BfYXRmOjIwMDA3MzY5NzY5MjM5ODo6MDo6&url=%2FDUcare-Professional-Synthetic-Foundation-Blending%2Fdp%2FB07H2WR5VV%2Fref%3Dsr_1_2_sspa%3Fcrid%3D2BLU2535N71S1%26keywords%3Dmakeup%2Bbrushes%26qid%3D1668802632%26sprefix%3Dmakeup%2Bbrushes%252Caps%252C171%26sr%3D8-2-spons%26sp_csd%3Dd2lkZ2V0TmFtZT1zcF9hdGY%26psc%3D1,DUcare Professional Makeup Brushes Set 27Pcs Makeup Brush Set Premium Synthetic Kabuki Foundation Blending Face Powder Blush Concealers Eye Shadows Brushes,Sponsored,4.7 out of 5 stars,"3,354",$29.99,"FREE delivery Fri, Nov 25 Or fastest delivery Sun, Nov 20|",B07H2WR5VV,https://m.media-amazon.com/images/I/71NtSHNpYdL._AC_UL320_.jpg
1442,https://www.amazon.com/sspa/click?ie=UTF8&spc=MTo2NDQ0ODU1ODAxNjgwMzM5OjE2Njg4MDI2MzI6c3BfYXRmOjIwMDEwMzE2NDE3NjY5ODo6MDo6&url=%2FSynthetic-Foundation-Eyeshadow-Concealer-Highlight%2Fdp%2FB09CMP6KS7%2Fref%3Dsr_1_3_sspa%3Fcrid%3D2BLU2535N71S1%26keywords%3Dmakeup%2Bbrushes%26qid%3D1668802632%26sprefix%3Dmakeup%2Bbrushes%252Caps%252C171%26sr%3D8-3-spons%26sp_csd%3Dd2lkZ2V0TmFtZT1zcF9hdGY%26psc%3D1,"16PCs Marble Makeup Brushes Set Premium Synthetic Face Eye Lip Make Up Brush Kits for Foundation, Powder,Eyeshadow,Eyebrow,Eyelash,Eyeliner,Blending,Concealer,Contour,Highlight (Pink)…",Sponsored,4.4 out of 5 stars,590,$6.99,"FREE delivery Fri, Nov 25 on $25 of items shipped by AmazonOr fastest delivery Sun, Nov 20|",B09CMP6KS7,https://m.media-amazon.com/images/I/71QcYfciGqL._AC_UL320_.jpg
1443,https://www.amazon.com/sspa/click?ie=UTF8&spc=MTo2NDQ0ODU1ODAxNjgwMzM5OjE2Njg4MDI2MzI6c3BfYXRmOjIwMDA0MDA0Mjg3ODQ5ODo6MDo6&url=%2FBamboo-Makeup-Brushes-Professional-Set%2Fdp%2FB075L795SW%2Fref%3Dsr_1_4_sspa%3Fcrid%3D2BLU2535N71S1%26keywords%3Dmakeup%2Bbrushes%26qid%3D1668802632%26sprefix%3Dmakeup%2Bbrushes%252Caps%252C171%26sr%3D8-4-spons%26sp_csd%3Dd2lkZ2V0TmFtZT1zcF9hdGY%26psc%3D1,"13 Bamboo Makeup Eye Brow Brushes Professional Set - Vegan & Cruelty Free - Eye shadow, Eyebrow, Eyeliner, Blending, Foundation, Blending, Blush, Powder Kabuki Brushes.…",Sponsored,4.4 out of 5 stars,"3,460",$14.99,"FREE delivery Fri, Nov 25 on $25 of items shipped by AmazonOr fastest delivery Sun, Nov 20|",B075L795SW,https://m.media-amazon.com/images/I/817liUY-HYL._AC_UL320_.jpg
1444,https://www.amazon.com/Makeup-Brushes-Foundation-Brush-Eyeshadow/dp/B099K1KJKN/ref=sr_1_5?crid=2BLU2535N71S1&keywords=makeup+brushes&qid=1668802632&sprefix=makeup+brushes%2Caps%2C171&sr=8-5,"Makeup Brushes 22 Pcs Makeup Kit,Foundation Brush Eyeshadow Brush Make up Brushes Set (Green, 22 Piece Set Large)",($0.64/Count),4.4 out of 5 stars,"6,376",$13.99,"FREE delivery Fri, Nov 25 on $25 of items shipped by AmazonOr fastest delivery Sun, Nov 20|",B099K1KJKN,https://m.media-amazon.com/images/I/71gb-GRHEhL._AC_UL320_.jpg
1445,https://www.amazon.com/BS-MALL-Brushes-Synthetic-Foundation-Concealers/dp/B01LZ3RLPC/ref=sr_1_6?crid=2BLU2535N71S1&keywords=makeup+brushes&qid=1668802632&sprefix=makeup+brushes%2Caps%2C171&sr=8-6,Makeup Brushes BS-MALL Premium Synthetic Foundation Powder Concealers Eye Shadows Makeup 14 Pcs Brush Set (A-Rose Golden),1 Count (Pack of 1),4.6 out of 5 stars,"110,263",$7.99,"FREE delivery Fri, Nov 25 on $25 of items shipped by AmazonOr fastest delivery Sun, Nov 20||Small Business|Small Business|Small Business|<img alt="""" src=""https://m.media-amazon.com/images/I/111mHoVK0kL._SS200_.png"" height=""50px"" width=""50px""/>  Small Business|<img alt="""" src=""https://m.media-amazon.com/images/I/111mHoVK0kL._SS200_.png"" height=""50px"" width=""50px""/>  Small Business",B01LZ3RLPC,https://m.media-amazon.com/images/I/71y1TK1VhoL._AC_UL320_.jpg|https://m.media-amazon.com/images/I/111mHoVK0kL._SS200_.png|
1446,https://www.amazon.com/Real-Perfection-Synthetic-Foundation-Concealer/dp/B09BZ4NV2R/ref=sr_1_7?crid=2BLU2535N71S1&keywords=makeup+brushes&qid=1668802632&sprefix=makeup+brushes%2Caps%2C171&sr=8-7,Real Perfection Makeup Brushes 16pcs Makeup Brushes Set with 1 Eyebrow Razor Premium Synthetic Foundation Brushes Blending Face Powder Eye Shadow Concealer Make Up Brushes Tool Kit,16 Count,4.5 out of 5 stars,"3,774",$9.99,"FREE delivery Fri, Nov 25 on $25 of items shipped by AmazonOr fastest delivery Sun, Nov 20|",B09BZ4NV2R,https://m.media-amazon.com/images/I/71F1K2oHiHL._AC_UL320_.jpg
1447,https://www.amazon.com/Professional-Toothbrush-Foundation-Beauty-Kate/dp/B01IT09GL6/ref=sxin_13?asc_contentid=amzn1.osa.1dbe7dc0-760a-4897-8fa1-46aaae02a4e1.ATVPDKIKX0DER.en_US&asc_contenttype=article&ascsubtag=amzn1.osa.1dbe7dc0-760a-4897-8fa1-46aaae02a4e1.ATVPDKIKX0DER.en_US&content-id=amzn1.sym.01243ef6-1f4d-40e2-ad34-d02b1375dcf1%3Aamzn1.sym.01243ef6-1f4d-40e2-ad34-d02b1375dcf1&creativeASIN=B01IT09GL6&crid=2BLU2535N71S1&cv_ct_cx=makeup+brushes&cv_ct_id=amzn1.osa.1dbe7dc0-760a-4897-8fa1-46aaae02a4e1.ATVPDKIKX0DER.en_US&cv_ct_pg=search&cv_ct_we=asin&cv_ct_wn=osp-single-source-pecos-desktop&keywords=makeup+brushes&linkCode=oas&pd_rd_i=B01IT09GL6&pd_rd_r=1f80bc17-f6e4-455f-a500-fafac9f8653d&pd_rd_w=8EaCN&pd_rd_wg=Vc6fe&pf_rd_p=01243ef6-1f4d-40e2-ad34-d02b1375dcf1&pf_rd_r=WDY8NDP0J0CEG5GQF5EC&qid=1668802632&sprefix=makeup+brushes%2Caps%2C171&sr=1-1-c26ac7f6-b43f-4741-a772-17cad7536576&tag=instyleosp-20,Beauty Kate Oval Makeup Brushes Set 5 Pcs Professional Oval Toothbrush Foundation Contour Concealer Eyeliner Blending Cosmetic Brushes Tool Set (Rose Gold Black),By,4.3 out of 5 stars|4.4 out of 5 stars|4.6 out of 5 stars|4.7 out of 5 stars|4.7 out of 5 stars,"4,867|8,799|1,999|6,605|21,045",$7.99,,,https://m.media-amazon.com/images/I/61xq+uCUWjL._AC_UL320_.jpg|https://m.media-amazon.com/images/I/81WnrC4dA6L._AC_UL320_.jpg|https://m.media-amazon.com/images/I/61KYYUvFj7L._AC_UL320_.jpg|https://m.media-amazon.com/images/I/61lNlmIqlzL._AC_UL320_.jpg|https://m.media-amazon.com/images/I/61rEa4KPjeL._AC_UL320_.jpg
1448,https://www.amazon.com/Makeup-Brushes-Foundation-Brush-Eyeshadow/dp/B094NLR225/ref=sxin_14_ac_d_hl?ac_md=1-0-T3ZlcmFsbCBDaG9pY2U%3D-ac_d_hl_hl_ac&content-id=amzn1.sym.3663916c-38f6-4d73-9801-2e9551111db6%3Aamzn1.sym.3663916c-38f6-4d73-9801-2e9551111db6&crid=2BLU2535N71S1&cv_ct_cx=makeup+brushes&keywords=makeup+brushes&pd_rd_i=B094NLR225&pd_rd_r=1f80bc17-f6e4-455f-a500-fafac9f8653d&pd_rd_w=bH1B5&pd_rd_wg=Vc6fe&pf_rd_p=3663916c-38f6-4d73-9801-2e9551111db6&pf_rd_r=WDY8NDP0J0CEG5GQF5EC&psc=1&qid=1668802632&sprefix=makeup+brushes%2Caps%2C171&sr=1-1-25fd44b4-555a-4528-b40c-891e95133f20,"Makeup Brushes 22 Pcs Makeup Kit,Foundation Brush Eyeshadow Brush Make up Brushes Set (Green, 22 Piece Set)",Highly rated and well-priced,4.4 out of 5 stars|4.6 out of 5 stars|4.1 out of 5 stars|4.7 out of 5 stars|4.6 out of 5 stars,"6,376|29,305|134|38|2,823",$12.99,"Small Business|Small Business|Small Business|<img alt="""" src=""https://m.media-amazon.com/images/I/111mHoVK0kL._SS200_.png"" height=""50px"" width=""50px""/>  Small Business|<img alt="""" src=""https://m.media-amazon.com/images/I/111mHoVK0kL._SS200_.png"" height=""50px"" width=""50px""/>  Small Business",,https://m.media-amazon.com/images/I/71qOgC1wdSL._AC_UL320_.jpg|https://m.media-amazon.com/images/I/715BUa3vqSL._AC_UL320_.jpg|https://m.media-amazon.com/images/I/111mHoVK0kL._SS200_.png||https://m.media-amazon.com/images/I/71h+9nKNB-L._AC_UL320_.jpg|https://m.media-amazon.com/images/I/514nFo-Au0L._AC_UL320_.jpg|https://m.media-amazon.com/images/I/615tXdeFgSL._AC_UL320_.jpg
1449,https://www.amazon.com/BS-MALL-Brushes-Synthetic-Foundation-Concealers/dp/B01LZ3RLPC/ref=sxin_15?content-id=amzn1.sym.d7223ab3-d7ba-402d-901f-6bf4c3c8698f%3Aamzn1.sym.d7223ab3-d7ba-402d-901f-6bf4c3c8698f&crid=2BLU2535N71S1&cv_ct_cx=makeup+brushes&keywords=makeup+brushes&pd_rd_i=B01LZ3RLPC&pd_rd_r=1f80bc17-f6e4-455f-a500-fafac9f8653d&pd_rd_w=Sy3hV&pd_rd_wg=Vc6fe&pf_rd_p=d7223ab3-d7ba-402d-901f-6bf4c3c8698f&pf_rd_r=WDY8NDP0J0CEG5GQF5EC&qid=1668802632&sprefix=makeup+brushes%2Caps%2C171&sr=1-1-fe296e3f-866b-4d03-ac2f-5b8cc03edba3,Makeup Brushes BS-MALL Premium Synthetic Foundation Powder Concealers Eye Shadows Makeup 14 Pcs Brush Set (A-Rose Golden),1 Count (Pack of 1),4.6 out of 5 stars|4.8 out of 5 stars|4.8 out of 5 stars|4.8 out of 5 stars|4.8 out of 5 stars|4.7 out of 5 stars,"110,263|839|202|707|165|577",$7.99,"Small Business|Small Business|Small Business|<img alt="""" src=""https://m.media-amazon.com/images/I/111mHoVK0kL._SS200_.png"" height=""50px"" width=""50px""/>  Small Business|<img alt="""" src=""https://m.media-amazon.com/images/I/111mHoVK0kL._SS200_.png"" height=""50px"" width=""50px""/>  Small Business",,https://m.media-amazon.com/images/I/71y1TK1VhoL._AC_UL320_.jpg|https://m.media-amazon.com/images/I/111mHoVK0kL._SS200_.png||https://m.media-amazon.com/images/I/61S6HobPGkL._AC_UL320_.jpg|https://m.media-amazon.com/images/I/71cUN-y2cIL._AC_UL320_.jpg|https://m.media-amazon.com/images/I/7170S5eytmL._AC_UL320_.jpg|https://m.media-amazon.com/images/I/712AuFMpDuL._AC_UL320_.jpg|https://m.media-amazon.com/images/I/71d2qszyr4L._AC_UL320_.jpg
1450,https://www.amazon.com/BS-MALL-Brushes-Synthetic-Foundation-Concealers/dp/B01LZ3RLPC/ref=sxin_15?content-id=amzn1.sym.d7223ab3-d7ba-402d-901f-6bf4c3c8698f%3Aamzn1.sym.d7223ab3-d7ba-402d-901f-6bf4c3c8698f&crid=2BLU2535N71S1&cv_ct_cx=makeup+brushes&keywords=makeup+brushes&pd_rd_i=B01LZ3RLPC&pd_rd_r=1f80bc17-f6e4-455f-a500-fafac9f8653d&pd_rd_w=Sy3hV&pd_rd_wg=Vc6fe&pf_rd_p=d7223ab3-d7ba-402d-901f-6bf4c3c8698f&pf_rd_r=WDY8NDP0J0CEG5GQF5EC&qid=1668802632&sprefix=makeup+brushes%2Caps%2C171&sr=1-1-fe296e3f-866b-4d03-ac2f-5b8cc03edba3,Makeup Brushes BS-MALL Premium Synthetic Foundation Powder Concealers Eye Shadows Makeup 14 Pcs Brush Set (A-Rose Golden),1 Count (Pack of 1),4.6 out of 5 stars,"110,263",$7.99,"Small Business|Small Business|Small Business|<img alt="""" src=""https://m.media-amazon.com/images/I/111mHoVK0kL._SS200_.png"" height=""50px"" width=""50px""/>  Small Business|<img alt="""" src=""https://m.media-amazon.com/images/I/111mHoVK0kL._SS200_.png"" height=""50px"" width=""50px""/>  Small Business",B01LZ3RLPC,https://m.media-amazon.com/images/I/71y1TK1VhoL._AC_UL320_.jpg|https://m.media-amazon.com/images/I/111mHoVK0kL._SS200_.png|
1451,https://www.amazon.com/Wand-Makeup-Brushes-Set-ARALOR/dp/B09LQB1WMY/ref=sxin_15?content-id=amzn1.sym.d7223ab3-d7ba-402d-901f-6bf4c3c8698f%3Aamzn1.sym.d7223ab3-d7ba-402d-901f-6bf4c3c8698f&crid=2BLU2535N71S1&cv_ct_cx=makeup+brushes&keywords=makeup+brushes&pd_rd_i=B09LQB1WMY&pd_rd_r=1f80bc17-f6e4-455f-a500-fafac9f8653d&pd_rd_w=Sy3hV&pd_rd_wg=Vc6fe&pf_rd_p=d7223ab3-d7ba-402d-901f-6bf4c3c8698f&pf_rd_r=WDY8NDP0J0CEG5GQF5EC&qid=1668802632&sprefix=makeup+brushes%2Caps%2C171&sr=1-2-fe296e3f-866b-4d03-ac2f-5b8cc03edba3,Wand Makeup Brushes Set - ARALOR 10pcs Wand Set Makeup Brushes for Women,($16.99/Count),4.8 out of 5 stars,839,$16.99,,B09LQB1WMY,https://m.media-amazon.com/images/I/61S6HobPGkL._AC_UL320_.jpg
1452,https://www.amazon.com/DIFFUNY-Foundation-Maquillaje-Flawless-Blending/dp/B0B1DZGNWP/ref=sxin_15?content-id=amzn1.sym.d7223ab3-d7ba-402d-901f-6bf4c3c8698f%3Aamzn1.sym.d7223ab3-d7ba-402d-901f-6bf4c3c8698f&crid=2BLU2535N71S1&cv_ct_cx=makeup+brushes&keywords=makeup+brushes&pd_rd_i=B0B1DZGNWP&pd_rd_r=1f80bc17-f6e4-455f-a500-fafac9f8653d&pd_rd_w=Sy3hV&pd_rd_wg=Vc6fe&pf_rd_p=d7223ab3-d7ba-402d-901f-6bf4c3c8698f&pf_rd_r=WDY8NDP0J0CEG5GQF5EC&qid=1668802632&sprefix=makeup+brushes%2Caps%2C171&sr=1-3-fe296e3f-866b-4d03-ac2f-5b8cc03edba3,"DIFFUNY Kabuki Foundation Brush, Brochas De Maquillaje, Flat Top Kabuki Foundation Brush for Liquid & Cream, Body & Flawless Blending Makeup Brush with Cover, Gold",($6.90/Count),4.8 out of 5 stars,202,$6.90,,B0B1DZGNWP,https://m.media-amazon.com/images/I/71cUN-y2cIL._AC_UL320_.jpg
1453,https://www.amazon.com/Docolor-Synthetic-Cosmetics-Foundation-Concealers/dp/B09XTMQVYV/ref=sxin_15?content-id=amzn1.sym.d7223ab3-d7ba-402d-901f-6bf4c3c8698f%3Aamzn1.sym.d7223ab3-d7ba-402d-901f-6bf4c3c8698f&crid=2BLU2535N71S1&cv_ct_cx=makeup+brushes&keywords=makeup+brushes&pd_rd_i=B09XTMQVYV&pd_rd_r=1f80bc17-f6e4-455f-a500-fafac9f8653d&pd_rd_w=Sy3hV&pd_rd_wg=Vc6fe&pf_rd_p=d7223ab3-d7ba-402d-901f-6bf4c3c8698f&pf_rd_r=WDY8NDP0J0CEG5GQF5EC&qid=1668802632&sprefix=makeup+brushes%2Caps%2C171&sr=1-4-fe296e3f-866b-4d03-ac2f-5b8cc03edba3,Docolor Makeup Brushes 12Pcs Comic 2D Makeup Brush Set Premium Synthetic Kabuki Brush Cosmetics Foundation Concealers Powder Blush Blending Face Eye Shadows White Brush Sets,($25.99/Count),4.8 out of 5 stars,707,$25.99,,B09XTMQVYV,https://m.media-amazon.com/images/I/7170S5eytmL._AC_UL320_.jpg
1454,https://www.amazon.com/Glitter-Disposable-Applicators-Shampoo-Cleansing/dp/B08ZNV2NZB/ref=sxin_15?content-id=amzn1.sym.d7223ab3-d7ba-402d-901f-6bf4c3c8698f%3Aamzn1.sym.d7223ab3-d7ba-402d-901f-6bf4c3c8698f&crid=2BLU2535N71S1&cv_ct_cx=makeup+brushes&keywords=makeup+brushes&pd_rd_i=B08ZNV2NZB&pd_rd_r=1f80bc17-f6e4-455f-a500-fafac9f8653d&pd_rd_w=Sy3hV&pd_rd_wg=Vc6fe&pf_rd_p=d7223ab3-d7ba-402d-901f-6bf4c3c8698f&pf_rd_r=WDY8NDP0J0CEG5GQF5EC&qid=1668802632&sprefix=makeup+brushes%2Caps%2C171&sr=1-5-fe296e3f-866b-4d03-ac2f-5b8cc03edba3,"102 Pcs Glitter Disposable Makeup Applicators,Pink Lash Shampoo Brushes,Disposable Mascara Wand,Eyelash Cleansing Brushes Disposable Lip Wand (Pink)",102 Piece Set,4.8 out of 5 stars,165,$9.99,,B08ZNV2NZB,https://m.media-amazon.com/images/I/712AuFMpDuL._AC_UL320_.jpg
1455,https://www.amazon.com/Jessup-Professional-Eco-friendly-Synthetic-Foundation/dp/B07VP3XY58/ref=sxin_15?content-id=amzn1.sym.d7223ab3-d7ba-402d-901f-6bf4c3c8698f%3Aamzn1.sym.d7223ab3-d7ba-402d-901f-6bf4c3c8698f&crid=2BLU2535N71S1&cv_ct_cx=makeup+brushes&keywords=makeup+brushes&pd_rd_i=B07VP3XY58&pd_rd_r=1f80bc17-f6e4-455f-a500-fafac9f8653d&pd_rd_w=Sy3hV&pd_rd_wg=Vc6fe&pf_rd_p=d7223ab3-d7ba-402d-901f-6bf4c3c8698f&pf_rd_r=WDY8NDP0J0CEG5GQF5EC&qid=1668802632&sprefix=makeup+brushes%2Caps%2C171&sr=1-6-fe296e3f-866b-4d03-ac2f-5b8cc03edba3,Jessup Makeup Brushes 14Pcs Makeup Brush Set Premium Synthetic Powder Foundation Contour Blush Concealer Eye Shadow Blending Liner Make Up Brush Kit Light Grey T329,($2.76/Count),4.7 out of 5 stars,577,$38.64,,B07VP3XY58,https://m.media-amazon.com/images/I/71d2qszyr4L._AC_UL320_.jpg
1457,https://www.amazon.com/BESTOPE-Synthetic-Foundation-Blending-Concealers/dp/B0773PWTY3/ref=sr_1_8?crid=2BLU2535N71S1&keywords=makeup+brushes&qid=1668802632&sprefix=makeup+brushes%2Caps%2C171&sr=8-8,"Makeup Brushes Makeup Brush Set - 16 Pcs BESTOPE PRO Premium Synthetic Foundation Concealers Eye Shadows Make Up Brushes set,Eyeliner Brushes(RoseGold)",16 Piece Set,4.5 out of 5 stars,"9,408",$9.99,"FREE delivery Fri, Nov 25 on $25 of items shipped by AmazonOr fastest delivery Sun, Nov 20|",B0773PWTY3,https://m.media-amazon.com/images/I/71ppOZ9v-LL._AC_UL320_.jpg
1458,https://www.amazon.com/BS-MALL-Brushes-Synthetic-Foundation-Concealers/dp/B07MH1KHJ2/ref=sr_1_9?crid=2BLU2535N71S1&keywords=makeup+brushes&qid=1668802632&sprefix=makeup+brushes%2Caps%2C171&sr=8-9,BS-MALL Makeup Brush Set 18 Pcs Premium Synthetic Foundation Powder Concealers Eye shadows Blush Makeup Brushes with black case (A-Champagne),18 Piece Set,4.6 out of 5 stars,"29,305",$11.99,"FREE delivery Fri, Nov 25 on $25 of items shipped by AmazonOr fastest delivery Sun, Nov 20||Small Business|Small Business|Small Business|<img alt="""" src=""https://m.media-amazon.com/images/I/111mHoVK0kL._SS200_.png"" height=""50px"" width=""50px""/>  Small Business|<img alt="""" src=""https://m.media-amazon.com/images/I/111mHoVK0kL._SS200_.png"" height=""50px"" width=""50px""/>  Small Business",B07MH1KHJ2,https://m.media-amazon.com/images/I/715BUa3vqSL._AC_UL320_.jpg|https://m.media-amazon.com/images/I/111mHoVK0kL._SS200_.png|
1459,https://www.amazon.com/Brushes-Professional-Foundation-Blending-Cosmetic/dp/B07CSPDX3P/ref=sr_1_10?crid=2BLU2535N71S1&keywords=makeup+brushes&qid=1668802632&sprefix=makeup+brushes%2Caps%2C171&sr=8-10,"Make up Brushes, VANDER Professional 32pcs Makeup Brush Set, Makeup Brushes Set Foundation Blending Cosmetic Brush Set Kit,Purple",32 Piece Set,4.4 out of 5 stars,"6,368",$9.98,"FREE delivery Fri, Nov 25 on $25 of items shipped by AmazonOr fastest delivery Sun, Nov 20|",B07CSPDX3P,https://m.media-amazon.com/images/I/71EjgyAsVVS._AC_UL320_.jpg
1460,https://www.amazon.com/BS-MALL-Brushes-Synthetic-Foundation-Concealers/dp/B08JGFJZDX/ref=sr_1_11?crid=2BLU2535N71S1&keywords=makeup+brushes&qid=1668802632&sprefix=makeup+brushes%2Caps%2C171&sr=8-11,BS-MALL Makeup Brushes Stand Up Premium Synthetic Foundation Powder Concealers Eye Shadows (14rose),16 Piece Set,4.7 out of 5 stars,643,$9.99,"FREE delivery Fri, Nov 25 on $25 of items shipped by AmazonOr fastest delivery Sun, Nov 20||Small Business|Small Business|Small Business|<img alt="""" src=""https://m.media-amazon.com/images/I/111mHoVK0kL._SS200_.png"" height=""50px"" width=""50px""/>  Small Business|<img alt="""" src=""https://m.media-amazon.com/images/I/111mHoVK0kL._SS200_.png"" height=""50px"" width=""50px""/>  Small Business",B08JGFJZDX,https://m.media-amazon.com/images/I/71pzstX2FlL._AC_UL320_.jpg|https://m.media-amazon.com/images/I/111mHoVK0kL._SS200_.png|
1461,https://www.amazon.com/BS-MALL-Synthetic-Cosmetics-Foundation-11pcsbamboo/dp/B0173H85KO/ref=sr_1_12?crid=2BLU2535N71S1&keywords=makeup+brushes&qid=1668802632&sprefix=makeup+brushes%2Caps%2C171&sr=8-12,BS-MALL Makeup Brush Set 11Pcs Bamboo Synthetic Kabuki Brush Set Foundation Powder Blending Concealer Eye shadows Blush Cosmetics Brushes with Organizer Bag & Makeup Sponge…,12 Piece Set,4.5 out of 5 stars,"10,590",$9.99,"FREE delivery Fri, Nov 25 on $25 of items shipped by AmazonOr fastest delivery Sun, Nov 20||Small Business|Small Business|Small Business|<img alt="""" src=""https://m.media-amazon.com/images/I/111mHoVK0kL._SS200_.png"" height=""50px"" width=""50px""/>  Small Business|<img alt="""" src=""https://m.media-amazon.com/images/I/111mHoVK0kL._SS200_.png"" height=""50px"" width=""50px""/>  Small Business",B0173H85KO,https://m.media-amazon.com/images/I/71ZYlISsDiL._AC_UL320_.jpg|https://m.media-amazon.com/images/I/111mHoVK0kL._SS200_.png|
1462,https://www.amazon.com/DUAIU-Synthetic-Foundation-Concealer-Eyeshadow/dp/B08HQYSN7M/ref=sr_1_13?crid=2BLU2535N71S1&keywords=makeup+brushes&qid=1668802632&sprefix=makeup+brushes%2Caps%2C171&sr=8-13,Makeup Brushes DUAIU 15PCs Marble Makeup Brush Set Premium Synthetic Kabuki Powder Blush Contour Foundation Concealer Eyeshadow Brushes with Makeup Sponge and Cleaner Brush Egg,20 Piece Set,4.6 out of 5 stars,"6,731",$9.99,"FREE delivery Fri, Nov 25 on $25 of items shipped by AmazonOr fastest delivery Sun, Nov 20|",B08HQYSN7M,https://m.media-amazon.com/images/I/81gQHZYcvhL._AC_UL320_.jpg
1463,https://www.amazon.com/Refand-Professional-Foundation-Blending-Concealers/dp/B096M73QY4/ref=sr_1_14?crid=2BLU2535N71S1&keywords=makeup+brushes&qid=1668802632&sprefix=makeup+brushes%2Caps%2C171&sr=8-14,Refand Makeup Brushes 29 Piece Professional Makeup Brush Set Premium Kabuki Foundation Blending Brush Face Powder Blush Concealers Eye Shadows Make Up Brushes Kit with PU Leather Case,($0.48/Count),4.6 out of 5 stars,"2,567",$13.99,"FREE delivery Fri, Nov 25 on $25 of items shipped by AmazonOr fastest delivery Sun, Nov 20|",B096M73QY4,https://m.media-amazon.com/images/I/71kI4bjxOeS._AC_UL320_.jpg
1464,https://www.amazon.com/111-Makeup-brushes-makeup-cleaning/dp/B0924JS3YG/ref=sr_1_15?crid=2BLU2535N71S1&keywords=makeup+brushes&qid=1668802632&sprefix=makeup+brushes%2Caps%2C171&sr=8-15,111 Diamonds Makeup Brushes Set Natural Premium Synthetic Eyeshadow Foundation Face Blending Blush Concealers Eye Makeup Brushes Set Professional for Women Kids Makeup Brushes & Tools Accessories (18pcs bule)…,18 Count (Pack of 1),4.6 out of 5 stars,"1,575",$9.99,"FREE delivery Fri, Nov 25 on $25 of items shipped by AmazonOr fastest delivery Sun, Nov 20|",B0924JS3YG,https://m.media-amazon.com/images/I/71fCkFWe45L._AC_UL320_.jpg
1465,https://www.amazon.com/Synthetic-Foundation-Eyeshadow-Concealer-Highlight/dp/B09CMP6KS7/ref=sr_1_16?crid=2BLU2535N71S1&keywords=makeup+brushes&qid=1668802632&sprefix=makeup+brushes%2Caps%2C171&sr=8-16,"16PCs Marble Makeup Brushes Set Premium Synthetic Face Eye Lip Make Up Brush Kits for Foundation, Powder,Eyeshadow,Eyebrow,Eyelash,Eyeliner,Blending,Concealer,Contour,Highlight (Pink)…",($0.44/Count),4.4 out of 5 stars,590,$6.99,"FREE delivery Fri, Nov 25 on $25 of items shipped by AmazonOr fastest delivery Sun, Nov 20|",B09CMP6KS7,https://m.media-amazon.com/images/I/71QcYfciGqL._AC_UL320_.jpg
1466,https://www.amazon.com/sspa/click?ie=UTF8&spc=MTo2NDQ0ODU1ODAxNjgwMzM5OjE2Njg4MDI2MzI6c3BfbXRmOjIwMDAyNzY3MTcyOTQ2MTo6MDo6&url=%2FBS-MALL-Brushes-Synthetic-Foundation-Concealers%2Fdp%2FB07MH1KHJ2%2Fref%3Dsr_1_17_sspa%3Fcrid%3D2BLU2535N71S1%26keywords%3Dmakeup%2Bbrushes%26qid%3D1668802632%26sprefix%3Dmakeup%2Bbrushes%252Caps%252C171%26sr%3D8-17-spons%26sp_csd%3Dd2lkZ2V0TmFtZT1zcF9tdGY%26psc%3D1%26smid%3DA26XQ45ZJKZ7YW,BS-MALL Makeup Brush Set 18 Pcs Premium Synthetic Foundation Powder Concealers Eye shadows Blush Makeup Brushes with black case (A-Champagne),Sponsored,4.6 out of 5 stars,"29,305",$11.99,"FREE delivery Fri, Nov 25 on $25 of items shipped by AmazonOr fastest delivery Sun, Nov 20||Small Business|Small Business|Small Business|<img alt="""" src=""https://m.media-amazon.com/images/I/111mHoVK0kL._SS200_.png"" height=""50px"" width=""50px""/>  Small Business|<img alt="""" src=""https://m.media-amazon.com/images/I/111mHoVK0kL._SS200_.png"" height=""50px"" width=""50px""/>  Small Business",B07MH1KHJ2,https://m.media-amazon.com/images/I/715BUa3vqSL._AC_UL320_.jpg|https://m.media-amazon.com/images/I/111mHoVK0kL._SS200_.png|
1467,https://www.amazon.com/sspa/click?ie=UTF8&spc=MTo2NDQ0ODU1ODAxNjgwMzM5OjE2Njg4MDI2MzI6c3BfbXRmOjIwMDAzNTAzNjExNTkxMTo6MDo6&url=%2FDUcare-Professional-Christmas-Foundation-Concealers%2Fdp%2FB08C59SYBL%2Fref%3Dsr_1_18_sspa%3Fcrid%3D2BLU2535N71S1%26keywords%3Dmakeup%2Bbrushes%26qid%3D1668802632%26sprefix%3Dmakeup%2Bbrushes%252Caps%252C171%26sr%3D8-18-spons%26sp_csd%3Dd2lkZ2V0TmFtZT1zcF9tdGY%26psc%3D1,DUcare Makeup Brushes Professional 32Pcs Make up Brushes Set Premium Synthetic Kabuki Foundation Blending Brush Face Powder Blush Concealers Eye Shadows,Sponsored,4.7 out of 5 stars,"1,404",$39.99,"FREE delivery Fri, Nov 25 Or fastest delivery Sun, Nov 20|",B08C59SYBL,https://m.media-amazon.com/images/I/7177QKojTkL._AC_UL320_.jpg
1468,https://www.amazon.com/sspa/click?ie=UTF8&spc=MTo2NDQ0ODU1ODAxNjgwMzM5OjE2Njg4MDI2MzI6c3BfbXRmOjIwMDAyNzY3MjA4OTQ2MTo6MDo6&url=%2FBS-MALL-Brushes-Synthetic-Foundation-Concealers%2Fdp%2FB01LZ3RLPC%2Fref%3Dsr_1_19_sspa%3Fcrid%3D2BLU2535N71S1%26keywords%3Dmakeup%2Bbrushes%26qid%3D1668802632%26sprefix%3Dmakeup%2Bbrushes%252Caps%252C171%26sr%3D8-19-spons%26sp_csd%3Dd2lkZ2V0TmFtZT1zcF9tdGY%26psc%3D1,Makeup Brushes BS-MALL Premium Synthetic Foundation Powder Concealers Eye Shadows Makeup 14 Pcs Brush Set (A-Rose Golden),Sponsored,4.6 out of 5 stars,"110,263",$7.99,"FREE delivery Fri, Nov 25 on $25 of items shipped by AmazonOr fastest delivery Sun, Nov 20||Small Business|Small Business|Small Business|<img alt="""" src=""https://m.media-amazon.com/images/I/111mHoVK0kL._SS200_.png"" height=""50px"" width=""50px""/>  Small Business|<img alt="""" src=""https://m.media-amazon.com/images/I/111mHoVK0kL._SS200_.png"" height=""50px"" width=""50px""/>  Small Business",B01LZ3RLPC,https://m.media-amazon.com/images/I/71y1TK1VhoL._AC_UL320_.jpg|https://m.media-amazon.com/images/I/111mHoVK0kL._SS200_.png|
1469,https://www.amazon.com/sspa/click?ie=UTF8&spc=MTo2NDQ0ODU1ODAxNjgwMzM5OjE2Njg4MDI2MzI6c3BfbXRmOjIwMDA4ODA1ODM1MjA5ODo6MDo6&url=%2Forganizer-Waterproof-Cosmetics-Countertop-Lipsticks%2Fdp%2FB09TNT936S%2Fref%3Dsr_1_20_sspa%3Fcrid%3D2BLU2535N71S1%26keywords%3Dmakeup%2Bbrushes%26qid%3D1668802632%26sprefix%3Dmakeup%2Bbrushes%252Caps%252C171%26sr%3D8-20-spons%26sp_csd%3Dd2lkZ2V0TmFtZT1zcF9tdGY%26psc%3D1,"Makeup organizer 3 Pieces Luxury Vintage Golden Tempered Glass Series Dust Waterproof Cosmetics Storage Display Case Countertop for Brushes Lipsticks Jewelry Storage Box , free pearls.",Sponsored,4.2 out of 5 stars,8,$119.99,"FREE delivery Fri, Nov 25 Or fastest delivery Sun, Nov 20|",B09TNT936S,https://m.media-amazon.com/images/I/81qP-BBhusL._AC_UL320_.jpg
1470,https://www.amazon.com/SOLVE-Professional-Cosmetics-Foundation-Concealer/dp/B07HCY7Q9D/ref=sr_1_21?crid=2BLU2535N71S1&keywords=makeup+brushes&qid=1668802632&sprefix=makeup+brushes%2Caps%2C171&sr=8-21,"Makeup Brush Set, SOLVE 32 Pieces Professional Makeup Brushes Wooden Handle Cosmetics Brushes Foundation Concealer Powder Face Eye Make up Brushes Kit, Black",32 Piece Set,4.3 out of 5 stars,"5,206",$9.99,"FREE delivery Fri, Nov 25 on $25 of items shipped by AmazonOr fastest delivery Sun, Nov 20|",B07HCY7Q9D,https://m.media-amazon.com/images/I/71P6SHOX0nS._AC_UL320_.jpg
1471,https://www.amazon.com/Makeup-Brush-Sets-Foundation-Eyeshadow/dp/B071XVHL7B/ref=sr_1_22?crid=2BLU2535N71S1&keywords=makeup+brushes&qid=1668802632&sprefix=makeup+brushes%2Caps%2C171&sr=8-22,Makeup Brush Sets - 12 Pcs Makeup Brushes for Foundation Eyeshadow Eyebrow Eyeliner Blush Powder Concealer Contour,12 Piece Set,4.3 out of 5 stars,"13,931",$7.99,"FREE delivery Fri, Nov 25 on $25 of items shipped by AmazonOr fastest delivery Sun, Nov 20|",B071XVHL7B,https://m.media-amazon.com/images/I/61FVD3iu3pL._AC_UL320_.jpg
1472,https://www.amazon.com/Brushes-Eyeshadow-Foundation-Eyeliner-Cosmetic/dp/B08RCK41FX/ref=sr_1_23?crid=2BLU2535N71S1&keywords=makeup+brushes&qid=1668802632&sprefix=makeup+brushes%2Caps%2C171&sr=8-23,Gusif 20Pcs Makeup Brushes Set Eyeshadow Foundation Powder Eyeliner Eyelash Lip Make Up Brush Cosmetic Beauty Tool Kit Hot(BLACK),20 Piece Set,4.3 out of 5 stars,254,$4.66,"FREE delivery Fri, Nov 25 on $25 of items shipped by AmazonOr fastest delivery Sun, Nov 20|",B08RCK41FX,https://m.media-amazon.com/images/I/71bTta58nZL._AC_UL320_.jpg
1473,https://www.amazon.com/KOLIGHT-Cosmetic-Eyeliner-Eyebrow-Foundation/dp/B083GQMJS3/ref=sr_1_24?crid=2BLU2535N71S1&keywords=makeup+brushes&qid=1668802632&sprefix=makeup+brushes%2Caps%2C171&sr=8-24,KOLIGHT® Pack of 20pcs Cosmetic Eye Shadow Sponge Eyeliner Eyebrow Lip Nose Foundation Powder Makeup Brushes Sets (purple),20 Count (Pack of 1),4.3 out of 5 stars,"7,564",$7.99,"FREE delivery Fri, Nov 25 on $25 of items shipped by AmazonOr fastest delivery Sun, Nov 20|",B083GQMJS3,https://m.media-amazon.com/images/I/61z2Tkb5RmL._AC_UL320_.jpg
1474,https://www.amazon.com/Makeup-Brushes-Foundation-Powder-Eyeshadow/dp/B0B5QJY3G3/ref=sr_1_25?crid=2BLU2535N71S1&keywords=makeup+brushes&qid=1668802632&sprefix=makeup+brushes%2Caps%2C171&sr=8-25,"Makeup Brushes 22 Pcs Makeup Kit,Foundation Powder Brush Eyeshadow Brush Make up Brushes Set (Green)",22 Piece Set,4.5 out of 5 stars,55,$7.99,"FREE delivery Fri, Nov 25 on $25 of items shipped by AmazonOr fastest delivery Sun, Nov 20|",B0B5QJY3G3,https://m.media-amazon.com/images/I/71BViZs3XXL._AC_UL320_.jpg
1475,https://www.amazon.com/Professional-Cosmetics-Eyeshadow-Highlighter-Foundation/dp/B0943SXB63/ref=sr_1_26?crid=2BLU2535N71S1&keywords=makeup+brushes&qid=1668802632&sprefix=makeup+brushes%2Caps%2C171&sr=8-26,Female Makeup Brushes Set 20pcs Professional Cosmetics for Face Eyeshadow Eyebow Eyelash Lip Highlighter Powder Foundation Make Up Brush Kit Tools (White),($1.25/Ounce),4.4 out of 5 stars,800,$5.09,"FREE delivery Fri, Nov 25 on $25 of items shipped by AmazonOr fastest delivery Mon, Nov 21|",B0943SXB63,https://m.media-amazon.com/images/I/71M1P8EtdIS._AC_UL320_.jpg
1476,https://www.amazon.com/DUAIU-Synthetic-Bristles-Foundation-Professional/dp/B08VDHY3GQ/ref=sr_1_27?crid=2BLU2535N71S1&keywords=makeup+brushes&qid=1668802632&sprefix=makeup+brushes%2Caps%2C171&sr=8-27,DUAIU Makeup Brushes 15pcs Premium Synthetic Bristles Crystal Handle Set Kabuki Foundation Brush Face Lip Eye Makeup Brush Sets Professional with Starry Gift Box（Blue),15 Piece Set,4.7 out of 5 stars,"2,388",$15.99,"FREE delivery Fri, Nov 25 on $25 of items shipped by AmazonOr fastest delivery Sun, Nov 20|",B08VDHY3GQ,https://m.media-amazon.com/images/I/91RlPUbZlfL._AC_UL320_.jpg
1477,https://www.amazon.com/DUAIU-Synthetic-Foundation-Concealer-Eyeshadow/dp/B09MMTP2S2/ref=sr_1_28?crid=2BLU2535N71S1&keywords=makeup+brushes&qid=1668802632&sprefix=makeup+brushes%2Caps%2C171&sr=8-28,DUAIU Makeup Brushes Set - Makeup Face Brushes Make up Brush Premium Synthetic Snowflake Heart Luck Land Make up Brushes Kabuki Powder Blush Contour Foundation Concealer Eyeshadow Brushes(15Pcs),($0.47/Count),4.5 out of 5 stars,154,$6.99,"FREE delivery Tue, Nov 29 on $25 of items shipped by AmazonOr fastest delivery Tue, Nov 22|",B09MMTP2S2,https://m.media-amazon.com/images/I/81NOyvUkv-L._AC_UL320_.jpg
1478,https://www.amazon.com/Cosmetic-Collection-Foundation-Portable-Water-proof/dp/B07SK6PN69/ref=sr_1_29?crid=2BLU2535N71S1&keywords=makeup+brushes&qid=1668802632&sprefix=makeup+brushes%2Caps%2C171&sr=8-29,Cosmetic Makeup Brushes Set Portable Foundation Brush 15pcs Black Kabuki Eyeshadow Concealer Lash Blush Brush with Case,16 Piece Set,4.4 out of 5 stars,375,$8.49,"FREE delivery Fri, Nov 25 on $25 of items shipped by AmazonOr fastest delivery Sun, Nov 20|",B07SK6PN69,https://m.media-amazon.com/images/I/61kiDAoT4BL._AC_UL320_.jpg
1479,https://www.amazon.com/Synthetic-Foundation-Eyeshadow-Cruelty-Free-Maquillaje/dp/B07TYBCT39/ref=sr_1_30?crid=2BLU2535N71S1&keywords=makeup+brushes&qid=1668802632&sprefix=makeup+brushes%2Caps%2C171&sr=8-30,Makeup Brushes Rose Golden 14 Pcs Makeup Brush Set with Blender Sponge and Brush Cleaner Premium Synthetic Kabuki Foundation Face Powder Blush Eyeshadow Cruelty-Free Brochas De Maquillaje,16 Piece Set,4.5 out of 5 stars,"1,437",$6.79,"FREE delivery Fri, Nov 25 on $25 of items shipped by AmazonOr fastest delivery Sun, Nov 20|",B07TYBCT39,https://m.media-amazon.com/images/I/616UYt9SNJL._AC_UL320_.jpg
1480,https://www.amazon.com/Synthetic-Cosmetics-Foundation-Concealers-Blending/dp/B071P8CFRS/ref=sr_1_31?crid=2BLU2535N71S1&keywords=makeup+brushes&qid=1668802632&sprefix=makeup+brushes%2Caps%2C171&sr=8-31,Zoreya Makeup Brushes 15Pcs Makeup Brush Set Premium Synthetic Kabuki Brush Cosmetics Foundation Concealers Powder Blush Blending Face Eye Shadows Black Brush Sets,15 Count (Pack of 1),4.6 out of 5 stars,"6,959",$16.99,FREE delivery on $25 shipped by Amazon.,B071P8CFRS,https://m.media-amazon.com/images/I/71vG0ayQuXS._AC_UL320_.jpg
1481,https://www.amazon.com/BS-MALL-Brushes-Synthetic-Foundation-Concealers/dp/B07MW3PVMN/ref=sr_1_32?crid=2BLU2535N71S1&keywords=makeup+brushes&qid=1668802632&sprefix=makeup+brushes%2Caps%2C171&sr=8-32,BS-MALL Makeup Brush Set 14Pcs Premium Synthetic Professional Makeup Brushes Foundation Powder Blending Concealer Eye shadows Blush Makeup Brush Kit Deep Starry Blue,14 Piece Set,4.5 out of 5 stars,"2,130",$12.99,"FREE delivery Fri, Nov 25 on $25 of items shipped by AmazonOr fastest delivery Sun, Nov 20||Small Business|Small Business|Small Business|<img alt="""" src=""https://m.media-amazon.com/images/I/111mHoVK0kL._SS200_.png"" height=""50px"" width=""50px""/>  Small Business|<img alt="""" src=""https://m.media-amazon.com/images/I/111mHoVK0kL._SS200_.png"" height=""50px"" width=""50px""/>  Small Business",B07MW3PVMN,https://m.media-amazon.com/images/I/81vGCaInEHL._AC_UL320_.jpg|https://m.media-amazon.com/images/I/111mHoVK0kL._SS200_.png|
1482,https://www.amazon.com/sspa/click?ie=UTF8&spc=MTo2NDQ0ODU1ODAxNjgwMzM5OjE2Njg4MDI2MzI6c3BfbXRmOjIwMDA3MzY5NDI0NzQ5ODo6MDo6&url=%2FBEAKEY-Foundation-Blending-Flawless-Multi-colored%2Fdp%2FB01F36JEXE%2Fref%3Dsr_1_33_sspa%3Fcrid%3D2BLU2535N71S1%26keywords%3Dmakeup%2Bbrushes%26qid%3D1668802632%26sprefix%3Dmakeup%2Bbrushes%252Caps%252C171%26sr%3D8-33-spons%26sp_csd%3Dd2lkZ2V0TmFtZT1zcF9tdGY%26psc%3D1%26smid%3DA37V6X8HMRL25A,"BEAKEY 5 Pcs Makeup Sponge Set, Foundation Blending Beauty Sponge, Flawless for Liquid, Cream, and Powder, Multi-colored Makeup Sponges",Sponsored,4.6 out of 5 stars,"83,249",$9.99,"FREE delivery Fri, Nov 25 on $25 of items shipped by AmazonOr fastest delivery Sun, Nov 20|",B01F36JEXE,https://m.media-amazon.com/images/I/71UA-uPK-FL._AC_UL320_.jpg
1483,https://www.amazon.com/sspa/click?ie=UTF8&spc=MTo2NDQ0ODU1ODAxNjgwMzM5OjE2Njg4MDI2MzI6c3BfbXRmOjIwMDA5Njk5MDAxNDg5ODo6MDo6&url=%2FChanging-Coverage-Foundation-Cosmetic-Brushes%2Fdp%2FB0BDFBNHY3%2Fref%3Dsr_1_34_sspa%3Fcrid%3D2BLU2535N71S1%26keywords%3Dmakeup%2Bbrushes%26qid%3D1668802632%26sprefix%3Dmakeup%2Bbrushes%252Caps%252C171%26sr%3D8-34-spons%26sp_csd%3Dd2lkZ2V0TmFtZT1zcF9tdGY%26psc%3D1,"2-in-1 Colour Changing Full Coverage Foundation Stick with Cosmetic Brushes, Long Lasting Makeup Full Coverage Foundation Stick.",Sponsored,,,$9.99,"FREE delivery Fri, Nov 25 on $25 of items shipped by AmazonOr fastest delivery Sun, Nov 20|",B0BDFBNHY3,https://m.media-amazon.com/images/I/61x1osktccS._AC_UL320_.jpg
1484,https://www.amazon.com/sspa/click?ie=UTF8&spc=MTo2NDQ0ODU1ODAxNjgwMzM5OjE2Njg4MDI2MzI6c3BfbXRmOjIwMDAzMDEwMTkwMDI5ODo6MDo6&url=%2FJessup-Synthetic-Foundation-Highlight-Concealer%2Fdp%2FB07VWTMWZG%2Fref%3Dsr_1_35_sspa%3Fcrid%3D2BLU2535N71S1%26keywords%3Dmakeup%2Bbrushes%26qid%3D1668802632%26sprefix%3Dmakeup%2Bbrushes%252Caps%252C171%26sr%3D8-35-spons%26sp_csd%3Dd2lkZ2V0TmFtZT1zcF9tdGY%26psc%3D1,Jessup Makeup Brushes Set Premium Synthetic Powder Foundation Highlight Concealer Eyeshadow Blending Eyebrow Liner Spoolie Brush Set Black 21pcs T271,Sponsored,4.7 out of 5 stars,"1,376",$35.95,"FREE delivery Fri, Nov 25 Or fastest delivery Sun, Nov 20|",B07VWTMWZG,https://m.media-amazon.com/images/I/7189MxfLNgL._AC_UL320_.jpg
1485,https://www.amazon.com/sspa/click?ie=UTF8&spc=MTo2NDQ0ODU1ODAxNjgwMzM5OjE2Njg4MDI2MzI6c3BfbXRmOjIwMDA4NTY0MjExMDk5ODo6MDo6&url=%2FZOREYA-Eyeshadow-Foundation-Maquillaje-Profesional%2Fdp%2FB01N9RJ4D7%2Fref%3Dsr_1_36_sspa%3Fcrid%3D2BLU2535N71S1%26keywords%3Dmakeup%2Bbrushes%26qid%3D1668802632%26sprefix%3Dmakeup%2Bbrushes%252Caps%252C171%26sr%3D8-36-spons%26sp_csd%3Dd2lkZ2V0TmFtZT1zcF9tdGY%26psc%3D1,"ZOREYA Makeup Brush Set ,15pcs Unique Walnut Makeup Brushes with Nobility,Professional Premium Synthetic Foundation Powder Concealers Eye Shadows Makeup brushes Set with Perfect Vegan Leather Bag",Sponsored,4.6 out of 5 stars,"4,921",$16.99,"FREE delivery Fri, Nov 25 on $25 of items shipped by AmazonOr fastest delivery Sun, Nov 20|",B01N9RJ4D7,https://m.media-amazon.com/images/I/71fCEULldeL._AC_UL320_.jpg
1486,https://www.amazon.com/BEAKEY-Premium-Synthetic-Foundation-Eyeshadow/dp/B01F36JBDM/ref=sr_1_37?crid=2BLU2535N71S1&keywords=makeup+brushes&qid=1668802632&sprefix=makeup+brushes%2Caps%2C171&sr=8-37,"BEAKEY Makeup Brushes Premium Synthetic Foundation Face Brush Eyeshadow Kabuki Blush Brush Kit, Makeup Brush Set with Makeup Sponge and Brush Cleaner (10+2pcs, Black/Silver)",12 Piece Set,4.4 out of 5 stars,"54,666",$9.99,"FREE delivery Fri, Nov 25 on $25 of items shipped by AmazonOr fastest delivery Sun, Nov 20|",B01F36JBDM,https://m.media-amazon.com/images/I/71srDYa5IqL._AC_UL320_.jpg
1487,https://www.amazon.com/Professional-Eyeshadow-Foundation-Concealer-cruelty-free/dp/B09WKFMCDQ/ref=sr_1_38?crid=2BLU2535N71S1&keywords=makeup+brushes&qid=1668802632&sprefix=makeup+brushes%2Caps%2C171&sr=8-38,"Makeup Brushes Set Professional from an Array of Eyeshadow Foundation Brushes to a Concealer Brush to Eyelash and Blusher Brushes 12 Pcs soft Make up Brush Kit, These vegan and cruelty-free brushes have soft synthetic bristles that work perfectly with any formula",($0.49/Count),4.5 out of 5 stars,28,$5.89,"FREE delivery Fri, Nov 25 on $25 of items shipped by AmazonOr fastest delivery Sun, Nov 20|",B09WKFMCDQ,https://m.media-amazon.com/images/I/713y51o+VTL._AC_UL320_.jpg
1488,https://www.amazon.com/HEYMKGO-Professional-Odor-free-Synthetic-Cosmetics/dp/B086VZ7H6H/ref=sr_1_39?crid=2BLU2535N71S1&keywords=makeup+brushes&qid=1668802632&sprefix=makeup+brushes%2Caps%2C171&sr=8-39,"HEYMKGO Makeup Brushes Professional Marble Makeup Brush Set, Soft and Odor-free Natural Synthetic Bristles,10PCS + 2 Sponge Puff + Marble Pattern Cosmetics Bag",13 Piece Set,4.5 out of 5 stars,"4,279",$8.99,"FREE delivery Fri, Nov 25 on $25 of items shipped by AmazonOr fastest delivery Sun, Nov 20|",B086VZ7H6H,https://m.media-amazon.com/images/I/61DNSE0SxdL._AC_UL320_.jpg
1489,https://www.amazon.com/EVRCHGIEA-Concealer-Liner%EF%BC%8CFoundation-Cruelty-Free-Synthetic/dp/B08LGYY7RD/ref=sr_1_40?crid=2BLU2535N71S1&keywords=makeup+brushes&qid=1668802632&sprefix=makeup+brushes%2Caps%2C171&sr=8-40,"Makeup Brushes Set, EVRCHGIEA 12pcs Premium Eye Shadow, Eyebrows, Eyeliner, Concealer, Lip Liner，Foundation Makeup Brush White Travel Makeup Set,Cruelty-Free Synthetic Fiber Bristles",($9.99/Count),4.7 out of 5 stars,37,$9.99,"FREE delivery Fri, Nov 25 on $25 of items shipped by AmazonOr fastest delivery Sun, Nov 20|",B08LGYY7RD,https://m.media-amazon.com/images/I/71BElAz8+AL._AC_UL320_.jpg
1490,https://www.amazon.com/EcoTools-Cruelty-Beautifully-Kit-Angled-Foundation-Blurring/dp/B075S543DR/ref=sr_1_41?crid=2BLU2535N71S1&keywords=makeup+brushes&qid=1668802632&sprefix=makeup+brushes%2Caps%2C171&sr=8-41,"EcoTools Makeup Brush Set for Eyeshadow, Foundation, Blush, and Concealer with Bonus Storage Case, Start the Day Beautifully, Travel Friendly, 6 Piece Set",5 Piece Set,4.7 out of 5 stars,"19,546",$9.98,"FREE delivery Fri, Nov 25 on $25 of items shipped by AmazonOr fastest delivery Sun, Nov 20|",B075S543DR,https://m.media-amazon.com/images/I/71Ao6WJ2Q+L._AC_UL320_.jpg
1491,https://www.amazon.com/Real-Techniques-1786M-Everyday-Essentials/dp/B07FTXBNVL/ref=sr_1_42?crid=2BLU2535N71S1&keywords=makeup+brushes&qid=1668802632&sprefix=makeup+brushes%2Caps%2C171&sr=8-42,"Real Techniques Makeup Brush Set with Sponge Blender for Eyeshadow, Foundation, Blush, and Concealer, Set of 5",5 Piece Set,4.7 out of 5 stars,"24,971",$13.99,FREE delivery on $25 shipped by Amazon.,B07FTXBNVL,https://m.media-amazon.com/images/I/51kDim0bgjL._AC_UL320_.jpg
1492,https://www.amazon.com/kiki-Synthetic-Foundation-Concealers-Eyeliner/dp/B0BHJMV43G/ref=sr_1_43?crid=2BLU2535N71S1&keywords=makeup+brushes&qid=1668802632&sprefix=makeup+brushes%2Caps%2C171&sr=8-43,kiki Cute Makeup Brushes 5 PCS. Makeup Brush Set Premium Synthetic For Foundation Concealers Eye Shadows Make Up Brushes Set Eyeliner Brushes,($4.99/Count),5.0 out of 5 stars,2,$4.99,"FREE delivery Fri, Nov 25 on $25 of items shipped by AmazonOr fastest delivery Mon, Nov 21||Small Business|Small Business|Small Business|<img alt="""" src=""https://m.media-amazon.com/images/I/111mHoVK0kL._SS200_.png"" height=""50px"" width=""50px""/>  Small Business|<img alt="""" src=""https://m.media-amazon.com/images/I/111mHoVK0kL._SS200_.png"" height=""50px"" width=""50px""/>  Small Business",B0BHJMV43G,https://m.media-amazon.com/images/I/71GsyehbAAL._AC_UL320_.jpg|https://m.media-amazon.com/images/I/111mHoVK0kL._SS200_.png|
1493,https://www.amazon.com/Brushes-VANDER-Professional-Synthetic-Cosmetic/dp/B0798PLFPQ/ref=sr_1_44?crid=2BLU2535N71S1&keywords=makeup+brushes&qid=1668802632&sprefix=makeup+brushes%2Caps%2C171&sr=8-44,"Makeup Brushes, VANDER 32pcs Professional Soft Synthetic Kabuki Cosmetic Eyebrow Shadow Makeup Brush Set Kit",32 Piece Set,4.4 out of 5 stars,"9,084",$8.49,"FREE delivery Fri, Nov 25 on $25 of items shipped by AmazonOr fastest delivery Sun, Nov 20|",B0798PLFPQ,https://m.media-amazon.com/images/I/71HGb3FHv9S._AC_UL320_.jpg
1494,https://www.amazon.com/Brushes-Foundation-Blending-Concealers-Shadows/dp/B073VF45Z3/ref=sr_1_45?crid=2BLU2535N71S1&keywords=makeup+brushes&qid=1668802632&sprefix=makeup+brushes%2Caps%2C171&sr=8-45,Makeup Brushes 24pcs Makeup Brush Set Kabuki Foundation Blending Brush Face Powder Blush Concealers Eye Shadows Make Up Brushes Kit with Bag,24 Count (Pack of 1),4.6 out of 5 stars,"2,925",$26.99,"FREE delivery Fri, Nov 25 Or fastest delivery Sun, Nov 20|",B073VF45Z3,https://m.media-amazon.com/images/I/71Ot0bwp9JL._AC_UL320_.jpg
1495,https://www.amazon.com/BS-MALL-Brushes-Synthetic-Foundation-Concealers/dp/B0B8257H9Y/ref=sr_1_46?crid=2BLU2535N71S1&keywords=makeup+brushes&qid=1668802632&sprefix=makeup+brushes%2Caps%2C171&sr=8-46,BS-MALL Makeup Brushes Premium Synthetic Foundation Powder Concealers Eye Shadows Makeup 18 Pcs Brush Set with 4 Pcs Makeup sponge Set,($0.68/Count),4.9 out of 5 stars,26,$14.99,"FREE delivery Fri, Nov 25 on $25 of items shipped by AmazonOr fastest delivery Sun, Nov 20||Small Business|Small Business|Small Business|<img alt="""" src=""https://m.media-amazon.com/images/I/111mHoVK0kL._SS200_.png"" height=""50px"" width=""50px""/>  Small Business|<img alt="""" src=""https://m.media-amazon.com/images/I/111mHoVK0kL._SS200_.png"" height=""50px"" width=""50px""/>  Small Business",B0B8257H9Y,https://m.media-amazon.com/images/I/71RS298Zi2L._AC_UL320_.jpg|https://m.media-amazon.com/images/I/111mHoVK0kL._SS200_.png|
1496,https://www.amazon.com/Bueart-Design-Foundation-concealer-eyeshadow/dp/B0BB63BNCG/ref=sr_1_47?crid=2BLU2535N71S1&keywords=makeup+brushes&qid=1668802632&sprefix=makeup+brushes%2Caps%2C171&sr=8-47,Bueart Design Elegant pink Ultra soft labeled Makeup Brushes Sets with Cute Brush Holder case makeup brush set with Foundation Powder blush concealer blending eyeshadow contour Glitter,($29.90/Count),4.8 out of 5 stars,26,$29.90,FREE delivery,B0BB63BNCG,https://m.media-amazon.com/images/I/818J5i5KimL._AC_UL320_.jpg
1497,https://www.amazon.com/Foundation-Blending-Flawless-Cosmetics-Protective/dp/B07LBNV469/ref=sr_1_48?crid=2BLU2535N71S1&keywords=makeup+brushes&qid=1668802632&sprefix=makeup+brushes%2Caps%2C171&sr=8-48,"Foundation Makeup Brush Flat Top Kabuki Hexagon Face Blush Liquid Powder Foundation Brush for Blending Liquid, Cream or Flawless Powder Cosmetics with Bonus Protective Case (Black)",1 Count (Pack of 1),4.5 out of 5 stars,"31,798",$9.99,"FREE delivery Fri, Nov 25 on $25 of items shipped by AmazonOr fastest delivery Sun, Nov 20|",B07LBNV469,https://m.media-amazon.com/images/I/517GPrTDCOL._AC_UL320_.jpg
1498,https://www.amazon.com/Mermaid-Foundation-Eyeliner-Cosmetic-Concealer/dp/B075CG6495/ref=sr_1_49?crid=2BLU2535N71S1&keywords=makeup+brushes&qid=1668802632&sprefix=makeup+brushes%2Caps%2C171&sr=8-49,Makeup Brushes Set 11pcs 3D Mermaid Makeup Brush Cosmetic Brushes Eyeshadow Eyeliner Blush Brushes,11 Piece Set,4.6 out of 5 stars,"1,939",$7.90,"FREE delivery Fri, Nov 25 on $25 of items shipped by AmazonOr fastest delivery Sun, Nov 20|",B075CG6495,https://m.media-amazon.com/images/I/51C4cQpTVLL._AC_UL320_.jpg
1499,https://www.amazon.com/DUcare-Professional-Synthetic-Foundation-Blending/dp/B07H2WR5VV/ref=sr_1_50?crid=2BLU2535N71S1&keywords=makeup+brushes&qid=1668802632&sprefix=makeup+brushes%2Caps%2C171&sr=8-50,DUcare Professional Makeup Brushes Set 27Pcs Makeup Brush Set Premium Synthetic Kabuki Foundation Blending Face Powder Blush Concealers Eye Shadows Brushes,27 Piece Set,4.7 out of 5 stars,"3,354",$29.99,"FREE delivery Fri, Nov 25 Or fastest delivery Sun, Nov 20|",B07H2WR5VV,https://m.media-amazon.com/images/I/71NtSHNpYdL._AC_UL320_.jpg
1500,https://www.amazon.com/MSQ-Eyeshadow-Synthetic-Eyeliner-Blending/dp/B077MC9PDL/ref=sr_1_51?crid=2BLU2535N71S1&keywords=makeup+brushes&qid=1668802632&sprefix=makeup+brushes%2Caps%2C171&sr=8-51,"MSQ Eye Makeup Brushes 12pcs Eyeshadow Brushes Rose Gold Makeup Brushes Set with Soft Synthetic Hairs & Real Wood Handle for Eyeshadow, Blending, Eyebrow, Eyeliner (Rose Gold)",12 Piece Set(Pack of 1),4.6 out of 5 stars,"23,480",$8.99,"FREE delivery Fri, Nov 25 on $25 of items shipped by AmazonOr fastest delivery Sun, Nov 20|",B077MC9PDL,https://m.media-amazon.com/images/I/71rWoZamxLL._AC_UL320_.jpg
1501,https://www.amazon.com/ZHIYE-Professional-Foundation-Concealer-Eyeshadow/dp/B08BKNLMFH/ref=sr_1_52?crid=2BLU2535N71S1&keywords=makeup+brushes&qid=1668802632&sprefix=makeup+brushes%2Caps%2C171&sr=8-52,Makeup Brushes Pimoys Make up Brush Set 21 PCs Professional Face Eyeliner for Foundation Blush Concealer Eyeshadow with Travel Black,21 Piece Set,4.1 out of 5 stars,"1,839",$4.99,"FREE delivery Fri, Nov 25 on $25 of items shipped by AmazonOr fastest delivery Sun, Nov 20|",B08BKNLMFH,https://m.media-amazon.com/images/I/61+7I0JGinL._AC_UL320_.jpg
1502,https://www.amazon.com/Jessup-Professional-Eco-friendly-Synthetic-Foundation/dp/B07VP3XY58/ref=sr_1_53?crid=2BLU2535N71S1&keywords=makeup+brushes&qid=1668802632&sprefix=makeup+brushes%2Caps%2C171&sr=8-53,Jessup Makeup Brushes 14Pcs Makeup Brush Set Premium Synthetic Powder Foundation Contour Blush Concealer Eye Shadow Blending Liner Make Up Brush Kit Light Grey T329,($2.76/Count),4.7 out of 5 stars,577,$38.64,"FREE delivery Fri, Nov 25 Or fastest delivery Sun, Nov 20|",B07VP3XY58,https://m.media-amazon.com/images/I/71d2qszyr4L._AC_UL320_.jpg
1503,https://www.amazon.com/XMOSNZ-Synthetic-Bristles-Eyeshadow-Professional/dp/B08RF12K26/ref=sr_1_54?crid=2BLU2535N71S1&keywords=makeup+brushes&qid=1668802632&sprefix=makeup+brushes%2Caps%2C171&sr=8-54,XMOSNZ Makeup Brushes 15pcs Premium Synthetic Bristles Crystal Handle Set Eyeshadow Brush Face Lip Eye Make Up Brush Sets Professional with 4 Makeup Sponges and Brush Egg,20 Piece Set,4.6 out of 5 stars,446,$13.99,"FREE delivery Fri, Nov 25 on $25 of items shipped by AmazonOr fastest delivery Sun, Nov 20|",B08RF12K26,https://m.media-amazon.com/images/I/81eQOGiCZ2L._AC_UL320_.jpg
1504,https://www.amazon.com/Flat-Kabuki-Foundation-Brush-Keshima/dp/B00JLAOP3S/ref=sr_1_55?crid=2BLU2535N71S1&keywords=makeup+brushes&qid=1668802632&sprefix=makeup+brushes%2Caps%2C171&sr=8-55,"Flat Top Kabuki Foundation Brush By KESHIMA - Premium Makeup Brush for Liquid, Cream, and Powder - Buffing, Blending, Flawless Face Brush",1 Count (Pack of 1),4.6 out of 5 stars,"33,527",$9.85,"FREE delivery Fri, Nov 25 on $25 of items shipped by AmazonOr fastest delivery Sun, Nov 20||Small Business|Small Business|Small Business|<img alt="""" src=""https://m.media-amazon.com/images/I/111mHoVK0kL._SS200_.png"" height=""50px"" width=""50px""/>  Small Business|<img alt="""" src=""https://m.media-amazon.com/images/I/111mHoVK0kL._SS200_.png"" height=""50px"" width=""50px""/>  Small Business",B00JLAOP3S,https://m.media-amazon.com/images/I/711wnyIVkuL._AC_UL320_.jpg|https://m.media-amazon.com/images/I/111mHoVK0kL._SS200_.png|
1505,https://www.amazon.com/Synthetic-Brushes-Organizer-Foundation-Cosmetic/dp/B0714HWBDF/ref=sr_1_56?crid=2BLU2535N71S1&keywords=makeup+brushes&qid=1668802632&sprefix=makeup+brushes%2Caps%2C171&sr=8-56,Zoreya Makeup Brush Set 12pcs Pink Synthetic Makeup Brushes Travel Set With Holder Makeup Brush Organizer Foundation Powder Contour Blush Eye Cosmetic Brush Sets In Case With Bonus Gift Makeup Sponge,14 Piece Set,4.6 out of 5 stars,"1,840",$24.99,"FREE delivery Fri, Nov 25 on $25 of items shipped by AmazonOr fastest delivery Sun, Nov 20|",B0714HWBDF,https://m.media-amazon.com/images/I/71Uz-7j7oZS._AC_UL320_.jpg
1506,https://www.amazon.com/EVRCHGIEA-Synthetic-Foundation-Blending-Concealer/dp/B08LGV4PY8/ref=sr_1_57?crid=2BLU2535N71S1&keywords=makeup+brushes&qid=1668802632&sprefix=makeup+brushes%2Caps%2C171&sr=8-57,"EVRCHGIEA Makeup brushes, Premium Synthetic Foundation Blending Blush Concealer Eye Shadow Makeup brushes Set, Travel size makeup brush sets with Soft Synthetic Hair and Log Wood Handle",($4.99/Count),4.5 out of 5 stars,68,$4.99,"FREE delivery Fri, Nov 25 on $25 of items shipped by AmazonOr fastest delivery Sun, Nov 20|",B08LGV4PY8,https://m.media-amazon.com/images/I/71RQ6G6SSJL._AC_UL320_.jpg
1507,https://www.amazon.com/Daubigny-Synthetic-Professional-Foundation-Concealers/dp/B09ZTZFVJD/ref=sr_1_58?crid=2BLU2535N71S1&keywords=makeup+brushes&qid=1668802632&sprefix=makeup+brushes%2Caps%2C171&sr=8-58,"Makeup Brushes, Daubigny 16Pcs Complete Premium Synthetic Makeup Brush Set with Professional Foundation Brushes Powder Concealers Eye shadows Blush Makeup Brush for Perfect Makeup (Champagne Gold)",($1.19/Count),4.6 out of 5 stars,387,$18.99,"FREE delivery Fri, Nov 25 on $25 of items shipped by AmazonOr fastest delivery Sun, Nov 20|",B09ZTZFVJD,https://m.media-amazon.com/images/I/71UzgvXXjNL._AC_UL320_.jpg
1508,https://www.amazon.com/SOLVE-Synthetic-Foundation-Concealer-Set%EF%BC%8CLeather/dp/B07YSG2NPW/ref=sr_1_59?crid=2BLU2535N71S1&keywords=makeup+brushes&qid=1668802632&sprefix=makeup+brushes%2Caps%2C171&sr=8-59,SOLVE Makeup Brushes 16 Pcs Premium Synthetic Foundation Blending Blush Concealer Eye Shadow Makeup Brush Set，Leather Travel Makeup bag Included， Black with Rose Gold,17 Piece Set,4.5 out of 5 stars,"2,697",$15.99,"FREE delivery Fri, Nov 25 on $25 of items shipped by AmazonOr fastest delivery Sun, Nov 20|",B07YSG2NPW,https://m.media-amazon.com/images/I/71q-v73Y2gL._AC_UL320_.jpg
1509,https://www.amazon.com/Brushes-Professional-Premium-Synthetic-Foundation/dp/B08B8VTD78/ref=sr_1_60?crid=2BLU2535N71S1&keywords=makeup+brushes&qid=1668802632&sprefix=makeup+brushes%2Caps%2C171&sr=8-60,"Makeup Brushes, 18 Pcs Professional Premium Synthetic Makeup Brush Set with Case, Foundation Kabuki Eye Travel Make up Brushes sets (Black Gold)",19 Piece Set,4.6 out of 5 stars,"1,976",$16.99,"FREE delivery Fri, Nov 25 on $25 of items shipped by AmazonOr fastest delivery Sun, Nov 20|",B08B8VTD78,https://m.media-amazon.com/images/I/81tH7Nvr1dL._AC_UL320_.jpg
1517,https://www.amazon.com/sspa/click?ie=UTF8&spc=MTo2MTIwMTM1MDczODMyODQzOjE2Njg4MDI2NzI6c3BfYXRmOjIwMDA4OTI2MDkzMzM3MTo6MDo6&url=%2FHair-Food-Sulfate-Smoothing-Treatment%2Fdp%2FB07JHK4S58%2Fref%3Dsr_1_1_sspa%3Fcrid%3D3BS8JUXQWUT9E%26keywords%3Dhair%2Boil%26qid%3D1668802672%26sprefix%3Dhair%2Boil%252Caps%252C108%26sr%3D8-1-spons%26sp_csd%3Dd2lkZ2V0TmFtZT1zcF9hdGY%26psc%3D1,"Hair Food Sulfate Free Dye Free Smoothing Treatment Argan and Avocado, Hair Oil, 3.2 Fl Oz",Sponsored,4.5 out of 5 stars,"2,813",$10.99,"FREE delivery Fri, Nov 25 on $25 of items shipped by Amazon|",B07JHK4S58,https://m.media-amazon.com/images/I/61kcptv5AcL._AC_UL320_.jpg
1518,https://www.amazon.com/sspa/click?ie=UTF8&spc=MTo2MTIwMTM1MDczODMyODQzOjE2Njg4MDI2NzI6c3BfYXRmOjIwMDAyNTQxNTc1NjA1MTo6MDo6&url=%2FOUAI-Lightweight-Multitasking-Protects-Phthalates%2Fdp%2FB01MFXDAL8%2Fref%3Dsr_1_2_sspa%3Fcrid%3D3BS8JUXQWUT9E%26keywords%3Dhair%2Boil%26qid%3D1668802672%26sprefix%3Dhair%2Boil%252Caps%252C108%26sr%3D8-2-spons%26sp_csd%3Dd2lkZ2V0TmFtZT1zcF9hdGY%26psc%3D1,"OUAI Hair Oil, Multitasking Oil Protects from UV/Heat Damage and Frizz, Adds Mega Shine and Smooths Split Ends. Safe for Colored Hair. Free from Parabens, Sulfates and Phthalates (1.5 oz)",Sponsored,4.6 out of 5 stars,"2,140",$28.00,"FREE delivery Fri, Nov 25 Or fastest delivery Mon, Nov 21|",B01MFXDAL8,https://m.media-amazon.com/images/I/51sM+nL7ErL._AC_UL320_.jpg
1519,https://www.amazon.com/sspa/click?ie=UTF8&spc=MTo2MTIwMTM1MDczODMyODQzOjE2Njg4MDI2NzI6c3BfYXRmOjIwMDA1OTU0OTA4ODI5ODo6MDo6&url=%2FHair-Biology-Taming-Biotin-Frizzy%2Fdp%2FB09MZY67G5%2Fref%3Dsr_1_3_sspa%3Fcrid%3D3BS8JUXQWUT9E%26keywords%3Dhair%2Boil%26qid%3D1668802672%26sprefix%3Dhair%2Boil%252Caps%252C108%26sr%3D8-3-spons%26sp_csd%3Dd2lkZ2V0TmFtZT1zcF9hdGY%26psc%3D1,"Hair Biology Argan Oil Taming Serum, Twin Pack, 3.2 Fl Oz Each — Hair Serum Nourishes to Soften & Control Frizz. Infused with Biotin — Dry Hair Treatment, Safe for Color Treated Hair",Sponsored,4.5 out of 5 stars,67,$19.99,"FREE delivery Fri, Nov 25 on $25 of items shipped by AmazonOr fastest delivery Tue, Nov 22|",B09MZY67G5,https://m.media-amazon.com/images/I/71uHTQMFadL._AC_UL320_.jpg
1520,https://www.amazon.com/sspa/click?ie=UTF8&spc=MTo2MTIwMTM1MDczODMyODQzOjE2Njg4MDI2NzI6c3BfYXRmOjIwMDA4NDgyMzU3MDk5ODo6MDo6&url=%2FOrganic-Lavender-Grapeseed-Vitamin-Moisturizer%2Fdp%2FB01B12KCGC%2Fref%3Dsr_1_4_sspa%3Fcrid%3D3BS8JUXQWUT9E%26keywords%3Dhair%2Boil%26qid%3D1668802672%26sprefix%3Dhair%2Boil%252Caps%252C108%26sr%3D8-4-spons%26sp_csd%3Dd2lkZ2V0TmFtZT1zcF9hdGY%26psc%3D1,"Organic Blend of Olive, Lavender, Almond, Vitamin E and Grapeseed Oils, Day and Night Moisturizer for Dry Skin, Face, Hair, Foot, Leg, Hands, Nail and Cuticle Care, Natural Body Oil for Women and Men",Sponsored,4.5 out of 5 stars,"33,136",$14.99,"FREE delivery Fri, Nov 25 on $25 of items shipped by AmazonOr fastest delivery Sun, Nov 20||Climate Pledge Friendly  Small Business|Climate Pledge Friendly|Climate Pledge Friendly|Small Business|Small Business|<img alt="""" src=""https://m.media-amazon.com/images/I/216-OX9rBaL._SS200_.png"" height=""50px"" width=""50px""/>  Climate Pledge Friendly|<img alt="""" src=""https://m.media-amazon.com/images/I/216-OX9rBaL._SS200_.png"" height=""50px"" width=""50px""/>  Climate Pledge Friendly|<img alt="""" src=""https://m.media-amazon.com/images/I/51vgBATI8mL._SS200_.jpg"" height=""50px"" width=""50px""/> Climate neutral by ClimatePartner|<img alt="""" src=""https://m.media-amazon.com/images/I/111mHoVK0kL._SS200_.png"" height=""50px"" width=""50px""/>  Small Business|<img alt="""" src=""https://m.media-amazon.com/images/I/111mHoVK0kL._SS200_.png"" height=""50px"" width=""50px""/>  Small Business",B01B12KCGC,https://m.media-amazon.com/images/I/71rlGQ-3nWL._AC_UL320_.jpg|https://m.media-amazon.com/images/I/216-OX9rBaL._SS200_.png|https://m.media-amazon.com/images/I/111mHoVK0kL._SS200_.png|||
1521,https://www.amazon.com/Mielle-Rosemary-Mint-Scalp-Strengthening/dp/B07N7PK9QK/ref=sr_1_5?crid=3BS8JUXQWUT9E&keywords=hair+oil&qid=1668802672&sprefix=hair+oil%2Caps%2C108&sr=8-5,"Mielle Organics Rosemary Mint Scalp & Hair Strengthening Oil With Biotin & Essential Oils, Nourishing Treatment for Split Ends, Dry Scalp, & Hair Growth, Safe For All Hair Types, 2-Fluid Ounces",2 Fl Oz (Pack of 1),4.6 out of 5 stars,"15,095",$9.50,"FREE delivery Fri, Nov 25 on $25 of items shipped by AmazonOr fastest delivery Mon, Nov 21||Small Business|Small Business|Small Business|<img alt="""" src=""https://m.media-amazon.com/images/I/111mHoVK0kL._SS200_.png"" height=""50px"" width=""50px""/>  Small Business|<img alt="""" src=""https://m.media-amazon.com/images/I/111mHoVK0kL._SS200_.png"" height=""50px"" width=""50px""/>  Small Business",B07N7PK9QK,https://m.media-amazon.com/images/I/71PWiRZ1dlL._AC_UL320_.jpg|https://m.media-amazon.com/images/I/111mHoVK0kL._SS200_.png|
1522,https://www.amazon.com/Moroccanoil-Treatment-Hair-Travel-Size/dp/B003JKFEL8/ref=sr_1_6?crid=3BS8JUXQWUT9E&keywords=hair+oil&qid=1668802672&sprefix=hair+oil%2Caps%2C108&sr=8-6,Moroccanoil Treatment,0.85 Fl Oz (Pack of 1),4.8 out of 5 stars,"64,938",$16.00,FREE delivery on $25 shipped by Amazon.,B003JKFEL8,https://m.media-amazon.com/images/I/61V+npWR6hL._AC_UL320_.jpg
1523,https://www.amazon.com/Wild-Growth-Hair-Oil-118-291ml/dp/B01JVDK8K8/ref=sr_1_7?crid=3BS8JUXQWUT9E&keywords=hair+oil&qid=1668802672&sprefix=hair+oil%2Caps%2C108&sr=8-7,Wild Growth Hair Oil - 4oz/118.291ml by Wild Growth,4 Fl Oz (Pack of 1),4.5 out of 5 stars,"22,431",$8.48,"FREE delivery Fri, Nov 25 on $25 of items shipped by AmazonOr fastest delivery Sun, Nov 20|",B01JVDK8K8,https://m.media-amazon.com/images/I/51SBlnfv+zL._AC_UL320_.jpg
1524,https://www.amazon.com/Studio-Morocco-Bright-Essential-Reduce/dp/B0BDL2L5Y3/ref=sxin_15?content-id=amzn1.sym.d7223ab3-d7ba-402d-901f-6bf4c3c8698f%3Aamzn1.sym.d7223ab3-d7ba-402d-901f-6bf4c3c8698f&crid=3BS8JUXQWUT9E&cv_ct_cx=hair+oil&keywords=hair+oil&pd_rd_i=B0BDL2L5Y3&pd_rd_r=e3348c5b-f132-457c-9fca-c42ea7be6a43&pd_rd_w=enU99&pd_rd_wg=PlS8D&pf_rd_p=d7223ab3-d7ba-402d-901f-6bf4c3c8698f&pf_rd_r=7PRTE3MFABK3P0D44QRZ&qid=1668802672&sprefix=hair+oil%2Caps%2C108&sr=1-1-fe296e3f-866b-4d03-ac2f-5b8cc03edba3,"2PCS Shine Studio Anti frizz Hair Serum, Morocco Silk Bright Hair Care, Anti Frizz Serum For Hair, Hair Care Essential Oil Reduce Dry Hair",1 Ounce (Pack of 1),4.0 out of 5 stars|5.0 out of 5 stars|5.0 out of 5 stars|4.7 out of 5 stars|4.6 out of 5 stars|4.6 out of 5 stars,"5|2|1|27|1,946|3,423",$8.99,"Small Business|Small Business|Small Business|<img alt="""" src=""https://m.media-amazon.com/images/I/111mHoVK0kL._SS200_.png"" height=""50px"" width=""50px""/>  Small Business|<img alt="""" src=""https://m.media-amazon.com/images/I/111mHoVK0kL._SS200_.png"" height=""50px"" width=""50px""/>  Small Business",,https://m.media-amazon.com/images/I/71vQ4FcW2XL._AC_UL320_.jpg|https://m.media-amazon.com/images/I/71YWO7tk9FL._AC_UL320_.jpg|https://m.media-amazon.com/images/I/71qoyX0d5cL._AC_UL320_.jpg|https://m.media-amazon.com/images/I/417px9+2lRL._AC_UL320_.jpg|https://m.media-amazon.com/images/I/71mV9v8gYXL._AC_UL320_.jpg|https://m.media-amazon.com/images/I/111mHoVK0kL._SS200_.png||https://m.media-amazon.com/images/I/51ZiwTuQ1GL._AC_UL320_.jpg
1525,https://www.amazon.com/Studio-Morocco-Bright-Essential-Reduce/dp/B0BDL2L5Y3/ref=sxin_15?content-id=amzn1.sym.d7223ab3-d7ba-402d-901f-6bf4c3c8698f%3Aamzn1.sym.d7223ab3-d7ba-402d-901f-6bf4c3c8698f&crid=3BS8JUXQWUT9E&cv_ct_cx=hair+oil&keywords=hair+oil&pd_rd_i=B0BDL2L5Y3&pd_rd_r=e3348c5b-f132-457c-9fca-c42ea7be6a43&pd_rd_w=enU99&pd_rd_wg=PlS8D&pf_rd_p=d7223ab3-d7ba-402d-901f-6bf4c3c8698f&pf_rd_r=7PRTE3MFABK3P0D44QRZ&qid=1668802672&sprefix=hair+oil%2Caps%2C108&sr=1-1-fe296e3f-866b-4d03-ac2f-5b8cc03edba3,"2PCS Shine Studio Anti frizz Hair Serum, Morocco Silk Bright Hair Care, Anti Frizz Serum For Hair, Hair Care Essential Oil Reduce Dry Hair",1 Ounce (Pack of 1),4.0 out of 5 stars,5,$8.99,,B0BDL2L5Y3,https://m.media-amazon.com/images/I/71vQ4FcW2XL._AC_UL320_.jpg
1526,https://www.amazon.com/Conditioner-Moisturizer-protectant-Anti-Frizz-Regrowth/dp/B0B3H8D4GX/ref=sxin_15?content-id=amzn1.sym.d7223ab3-d7ba-402d-901f-6bf4c3c8698f%3Aamzn1.sym.d7223ab3-d7ba-402d-901f-6bf4c3c8698f&crid=3BS8JUXQWUT9E&cv_ct_cx=hair+oil&keywords=hair+oil&pd_rd_i=B0B3H8D4GX&pd_rd_r=e3348c5b-f132-457c-9fca-c42ea7be6a43&pd_rd_w=enU99&pd_rd_wg=PlS8D&pf_rd_p=d7223ab3-d7ba-402d-901f-6bf4c3c8698f&pf_rd_r=7PRTE3MFABK3P0D44QRZ&qid=1668802672&sprefix=hair+oil%2Caps%2C108&sr=1-2-fe296e3f-866b-4d03-ac2f-5b8cc03edba3,"Keratin Leave In Conditioner Spray,1 Minute Hair Protein Water Moisturizer, Argan Oil Vitamin B5 Hair Serum heat protectant Spray For Anti-Frizz, Hair Loss and Hair Regrowth",8.5 Fl Oz (Pack of 1),5.0 out of 5 stars,2,$16.98,,B0B3H8D4GX,https://m.media-amazon.com/images/I/71YWO7tk9FL._AC_UL320_.jpg
1527,https://www.amazon.com/Botanical-Essential-Moisturizing-Vitamins-Anti-Frizz/dp/B0B3HQXKQR/ref=sxin_15?content-id=amzn1.sym.d7223ab3-d7ba-402d-901f-6bf4c3c8698f%3Aamzn1.sym.d7223ab3-d7ba-402d-901f-6bf4c3c8698f&crid=3BS8JUXQWUT9E&cv_ct_cx=hair+oil&keywords=hair+oil&pd_rd_i=B0B3HQXKQR&pd_rd_r=e3348c5b-f132-457c-9fca-c42ea7be6a43&pd_rd_w=enU99&pd_rd_wg=PlS8D&pf_rd_p=d7223ab3-d7ba-402d-901f-6bf4c3c8698f&pf_rd_r=7PRTE3MFABK3P0D44QRZ&qid=1668802672&sprefix=hair+oil%2Caps%2C108&sr=1-3-fe296e3f-866b-4d03-ac2f-5b8cc03edba3,"Botanical Essential Hair Oil, Daily Care Moisturizing Hair Serum, Nails Skin Body Care Vitamins Oil Rosemary Shea Butter Coconut Oil Infused for anti-Dry, Anti-Frizz",3.38 Fl Oz (Pack of 1),5.0 out of 5 stars,1,$7.88,,B0B3HQXKQR,https://m.media-amazon.com/images/I/71qoyX0d5cL._AC_UL320_.jpg
1528,https://www.amazon.com/Healing-Bird-Moisturizing-Fast-Absorbing-Strengthening/dp/B09NVH2KXL/ref=sxin_15?content-id=amzn1.sym.d7223ab3-d7ba-402d-901f-6bf4c3c8698f%3Aamzn1.sym.d7223ab3-d7ba-402d-901f-6bf4c3c8698f&crid=3BS8JUXQWUT9E&cv_ct_cx=hair+oil&keywords=hair+oil&pd_rd_i=B09NVH2KXL&pd_rd_r=e3348c5b-f132-457c-9fca-c42ea7be6a43&pd_rd_w=enU99&pd_rd_wg=PlS8D&pf_rd_p=d7223ab3-d7ba-402d-901f-6bf4c3c8698f&pf_rd_r=7PRTE3MFABK3P0D44QRZ&qid=1668802672&sprefix=hair+oil%2Caps%2C108&sr=1-4-fe296e3f-866b-4d03-ac2f-5b8cc03edba3,"Healing Bird Nourishing Argan Hair Oil| Ultra Protein Rich Hair Oil, Moroccan Argan Oil, Split-End Care, Healthy Shine, Moisturizing, Long-Lasting Volume, Tames Frizz, Lightweight Finish, Fast-Absorbing, Nourishing, Strengthening (3.38 fl.oz.)",3.38 Fl Oz (Pack of 1),4.7 out of 5 stars,27,$14.30,,B09NVH2KXL,https://m.media-amazon.com/images/I/417px9+2lRL._AC_UL320_.jpg
1529,https://www.amazon.com/Organic-Pressed-Stimulate-Moisturizer-Protector/dp/B08KTGQCGV/ref=sxin_15?content-id=amzn1.sym.d7223ab3-d7ba-402d-901f-6bf4c3c8698f%3Aamzn1.sym.d7223ab3-d7ba-402d-901f-6bf4c3c8698f&crid=3BS8JUXQWUT9E&cv_ct_cx=hair+oil&keywords=hair+oil&pd_rd_i=B08KTGQCGV&pd_rd_r=e3348c5b-f132-457c-9fca-c42ea7be6a43&pd_rd_w=enU99&pd_rd_wg=PlS8D&pf_rd_p=d7223ab3-d7ba-402d-901f-6bf4c3c8698f&pf_rd_r=7PRTE3MFABK3P0D44QRZ&qid=1668802672&sprefix=hair+oil%2Caps%2C108&sr=1-5-fe296e3f-866b-4d03-ac2f-5b8cc03edba3,"Argan Oil Organic, Virgin, 100% Pure, Cold Pressed Argon Oil Serum For Hair Stimulate Growth for Dry and Damaged Hair. Argan Oil for Skin Body Moisturizer. Nails Protector 4 oz",4 Fl Oz (Pack of 1),4.6 out of 5 stars,"1,946",$12.74,"Small Business|Small Business|Small Business|<img alt="""" src=""https://m.media-amazon.com/images/I/111mHoVK0kL._SS200_.png"" height=""50px"" width=""50px""/>  Small Business|<img alt="""" src=""https://m.media-amazon.com/images/I/111mHoVK0kL._SS200_.png"" height=""50px"" width=""50px""/>  Small Business",B08KTGQCGV,https://m.media-amazon.com/images/I/71mV9v8gYXL._AC_UL320_.jpg|https://m.media-amazon.com/images/I/111mHoVK0kL._SS200_.png|
1530,https://www.amazon.com/MISEENSCENE-Perfect-Anti-Frizz-Hydration-Bleached/dp/B081MYB96J/ref=sxin_15_mod_primary_new?content-id=amzn1.sym.d7223ab3-d7ba-402d-901f-6bf4c3c8698f%3Aamzn1.sym.d7223ab3-d7ba-402d-901f-6bf4c3c8698f&crid=3BS8JUXQWUT9E&cv_ct_cx=hair+oil&keywords=hair+oil&pd_rd_i=B081MYB96J&pd_rd_r=e3348c5b-f132-457c-9fca-c42ea7be6a43&pd_rd_w=enU99&pd_rd_wg=PlS8D&pf_rd_p=d7223ab3-d7ba-402d-901f-6bf4c3c8698f&pf_rd_r=7PRTE3MFABK3P0D44QRZ&qid=1668802672&sbo=RZvfv%2F%2FHxDF%2BO5021pAnSA%3D%3D&sprefix=hair+oil%2Caps%2C108&sr=1-6-fe296e3f-866b-4d03-ac2f-5b8cc03edba3,"MISE EN SCENE Perfect Coco Water Serum 80ml (2.7oz) | Anti-Frizz, Hydration and Nutrition Hair Essence for Damaged, Bleached and Dry Hair | Watery Light and Moisturizing Hair Oil for Men and Women | Korean Hair Care Product",2.7 Fl Oz (Pack of 1),4.6 out of 5 stars,"3,423",$10.99,,B081MYB96J,https://m.media-amazon.com/images/I/51ZiwTuQ1GL._AC_UL320_.jpg
1531,https://www.amazon.com/Olaplex-No-7-Bonding-Oil-fl/dp/B07VR1NDSQ/ref=sxin_16?asc_contentid=amzn1.osa.4425d6ae-865f-472f-819d-f688ff278163.ATVPDKIKX0DER.en_US&asc_contenttype=article&ascsubtag=amzn1.osa.4425d6ae-865f-472f-819d-f688ff278163.ATVPDKIKX0DER.en_US&content-id=amzn1.sym.01243ef6-1f4d-40e2-ad34-d02b1375dcf1%3Aamzn1.sym.01243ef6-1f4d-40e2-ad34-d02b1375dcf1&creativeASIN=B07VR1NDSQ&crid=3BS8JUXQWUT9E&cv_ct_cx=hair+oil&cv_ct_id=amzn1.osa.4425d6ae-865f-472f-819d-f688ff278163.ATVPDKIKX0DER.en_US&cv_ct_pg=search&cv_ct_we=asin&cv_ct_wn=osp-single-source-pecos-desktop&keywords=hair+oil&linkCode=oas&pd_rd_i=B07VR1NDSQ&pd_rd_r=e3348c5b-f132-457c-9fca-c42ea7be6a43&pd_rd_w=FTcdX&pd_rd_wg=PlS8D&pf_rd_p=01243ef6-1f4d-40e2-ad34-d02b1375dcf1&pf_rd_r=7PRTE3MFABK3P0D44QRZ&qid=1668802672&sprefix=hair+oil%2Caps%2C108&sr=1-1-c26ac7f6-b43f-4741-a772-17cad7536576&tag=byrdiepublish-20,"Olaplex No.7 Bonding Oil, 30 ml",By,4.7 out of 5 stars|4.7 out of 5 stars|4.4 out of 5 stars|4.3 out of 5 stars|3.9 out of 5 stars,"34,685|6,539|432|168|27",$30.00,,,https://m.media-amazon.com/images/I/61nDtNdMY6L._AC_UL320_.jpg|https://m.media-amazon.com/images/I/61mMLcR30QL._AC_UL320_.jpg|https://m.media-amazon.com/images/I/51EUNpVKSwL._AC_UL320_.jpg|https://m.media-amazon.com/images/I/61oGm92+YpL._AC_UL320_.jpg|https://m.media-amazon.com/images/I/41sGc0rz5tL._AC_UL320_.jpg
1532,https://www.amazon.com/Mielle-Rosemary-Mint-Scalp-Strengthening/dp/B07N7PK9QK/ref=sxin_17_ac_d_rm?ac_md=0-0-aGFpciBvaWw%3D-ac_d_rm_rm_rm&content-id=amzn1.sym.568df61d-e115-4cb1-a96a-ba070b8f0935%3Aamzn1.sym.568df61d-e115-4cb1-a96a-ba070b8f0935&crid=3BS8JUXQWUT9E&cv_ct_cx=hair+oil&keywords=hair+oil&pd_rd_i=B07N7PK9QK&pd_rd_r=e3348c5b-f132-457c-9fca-c42ea7be6a43&pd_rd_w=zJm9J&pd_rd_wg=PlS8D&pf_rd_p=568df61d-e115-4cb1-a96a-ba070b8f0935&pf_rd_r=7PRTE3MFABK3P0D44QRZ&psc=1&qid=1668802672&sprefix=hair+oil%2Caps%2C108&sr=1-1-7d9bfb42-6e38-4445-b604-42cab39e191b,"Mielle Organics Rosemary Mint Scalp & Hair Strengthening Oil With Biotin & Essential Oils, Nourishing Treatment for Split Ends, Dry Scalp, & Hair Growth, Safe For All Hair Types, 2-Fluid Ounces",Customers shopped Amazon's Choice for…,4.6 out of 5 stars|4.6 out of 5 stars|4.6 out of 5 stars|4.6 out of 5 stars,"15,095|12,221|30,475|10,555",$9.50,"Small Business|Small Business|Small Business|<img alt="""" src=""https://m.media-amazon.com/images/I/111mHoVK0kL._SS200_.png"" height=""50px"" width=""50px""/>  Small Business|<img alt="""" src=""https://m.media-amazon.com/images/I/111mHoVK0kL._SS200_.png"" height=""50px"" width=""50px""/>  Small Business",,https://m.media-amazon.com/images/I/71PWiRZ1dlL._AC_UL320_.jpg|https://m.media-amazon.com/images/I/111mHoVK0kL._SS200_.png||https://m.media-amazon.com/images/I/41K61-AM4KL._AC_UL320_.jpg|https://m.media-amazon.com/images/I/71YKLJzK2wL._AC_UL320_.jpg|https://m.media-amazon.com/images/I/61X-ZB2kXsL._AC_UL320_.jpg
1533,https://www.amazon.com/Ethereal-Nature-Hair-Oil-Castor/dp/B07XS99YTB/ref=sxin_18_trfobq2a_0_B07XS99YTB?content-id=amzn1.sym.2500a036-1c45-42a8-89a2-72bf8896ce48%3Aamzn1.sym.2500a036-1c45-42a8-89a2-72bf8896ce48&crid=3BS8JUXQWUT9E&cv_ct_cx=hair+oil&keywords=hair+oil&pd_rd_i=B07XS99YTB&pd_rd_r=e3348c5b-f132-457c-9fca-c42ea7be6a43&pd_rd_w=kuEfA&pd_rd_wg=PlS8D&pf_rd_p=2500a036-1c45-42a8-89a2-72bf8896ce48&pf_rd_r=7PRTE3MFABK3P0D44QRZ&qid=1668802672&sprefix=hair+oil%2Caps%2C108&sr=1-1-c944532c-3909-4a2a-84a2-570d2ee3cd13,Ethereal Nature 99% Natural Hair Oil Blend with Castor 75 ml,Amazon’s private and select exclusive brands,4.4 out of 5 stars|4.6 out of 5 stars|4.4 out of 5 stars|4.5 out of 5 stars,"13,354|2,957|211|26,677",$6.28,,,https://m.media-amazon.com/images/I/71DiuIuarbL._AC_UL320_.jpg|https://m.media-amazon.com/images/I/71RSCom2RPL._AC_UL320_.jpg|https://m.media-amazon.com/images/I/71PqlAz3qbL._AC_UL320_.jpg|https://m.media-amazon.com/images/I/61EArC4ZwGL._AC_UL320_.jpg
1534,https://www.amazon.com/Ethereal-Nature-Hair-Oil-Castor/dp/B07XS99YTB/ref=sxin_18_trfobq2a_0_B07XS99YTB?content-id=amzn1.sym.2500a036-1c45-42a8-89a2-72bf8896ce48%3Aamzn1.sym.2500a036-1c45-42a8-89a2-72bf8896ce48&crid=3BS8JUXQWUT9E&cv_ct_cx=hair+oil&keywords=hair+oil&pd_rd_i=B07XS99YTB&pd_rd_r=e3348c5b-f132-457c-9fca-c42ea7be6a43&pd_rd_w=kuEfA&pd_rd_wg=PlS8D&pf_rd_p=2500a036-1c45-42a8-89a2-72bf8896ce48&pf_rd_r=7PRTE3MFABK3P0D44QRZ&qid=1668802672&sprefix=hair+oil%2Caps%2C108&sr=1-1-c944532c-3909-4a2a-84a2-570d2ee3cd13,Ethereal Nature 99% Natural Hair Oil Blend with Castor 75 ml,2.5 Fl Oz (Pack of 1),4.4 out of 5 stars,"13,354",$6.28,,B07XS99YTB,https://m.media-amazon.com/images/I/71DiuIuarbL._AC_UL320_.jpg
1535,https://www.amazon.com/GreenIVe-Castor-Pressed-Hexane-Exclusively/dp/B07QYBNJQB/ref=sxin_18_trfobq2a_1_B07QYBNJQB?content-id=amzn1.sym.2500a036-1c45-42a8-89a2-72bf8896ce48%3Aamzn1.sym.2500a036-1c45-42a8-89a2-72bf8896ce48&crid=3BS8JUXQWUT9E&cv_ct_cx=hair+oil&keywords=hair+oil&pd_rd_i=B07QYBNJQB&pd_rd_r=e3348c5b-f132-457c-9fca-c42ea7be6a43&pd_rd_w=kuEfA&pd_rd_wg=PlS8D&pf_rd_p=2500a036-1c45-42a8-89a2-72bf8896ce48&pf_rd_r=7PRTE3MFABK3P0D44QRZ&qid=1668802672&sprefix=hair+oil%2Caps%2C108&sr=1-2-c944532c-3909-4a2a-84a2-570d2ee3cd13,GreenIVe - 100% Pure Castor Oil - Cold Pressed - Hexane Free - Exclusively on Amazon (4 Ounce),4 Fl Oz (Pack of 1),4.6 out of 5 stars,"2,957",$8.99,,B07QYBNJQB,https://m.media-amazon.com/images/I/71RSCom2RPL._AC_UL320_.jpg
1536,https://www.amazon.com/GreenIVe-Jamaican-Castor-Exclusively-Amazon/dp/B07QHZTQ6C/ref=sxin_18_trfobq2a_2_B07QHZTQ6C?content-id=amzn1.sym.2500a036-1c45-42a8-89a2-72bf8896ce48%3Aamzn1.sym.2500a036-1c45-42a8-89a2-72bf8896ce48&crid=3BS8JUXQWUT9E&cv_ct_cx=hair+oil&keywords=hair+oil&pd_rd_i=B07QHZTQ6C&pd_rd_r=e3348c5b-f132-457c-9fca-c42ea7be6a43&pd_rd_w=kuEfA&pd_rd_wg=PlS8D&pf_rd_p=2500a036-1c45-42a8-89a2-72bf8896ce48&pf_rd_r=7PRTE3MFABK3P0D44QRZ&qid=1668802672&sprefix=hair+oil%2Caps%2C108&sr=1-3-c944532c-3909-4a2a-84a2-570d2ee3cd13,GreenIVe - Jamaican Black Castor Oil - 100% Pure - Exclusively on Amazon (4 Ounce),4 Fl Oz (Pack of 1),4.4 out of 5 stars,211,$11.99,,B07QHZTQ6C,https://m.media-amazon.com/images/I/71PqlAz3qbL._AC_UL320_.jpg
1537,https://www.amazon.com/Ethereal-Nature-100-Pure-Eucalyptus/dp/B09R3477P4/ref=sxin_18_trfobq2a_3_B09R3477P4?content-id=amzn1.sym.2500a036-1c45-42a8-89a2-72bf8896ce48%3Aamzn1.sym.2500a036-1c45-42a8-89a2-72bf8896ce48&crid=3BS8JUXQWUT9E&cv_ct_cx=hair+oil&keywords=hair+oil&pd_rd_i=B09R3477P4&pd_rd_r=e3348c5b-f132-457c-9fca-c42ea7be6a43&pd_rd_w=kuEfA&pd_rd_wg=PlS8D&pf_rd_p=2500a036-1c45-42a8-89a2-72bf8896ce48&pf_rd_r=7PRTE3MFABK3P0D44QRZ&qid=1668802672&sprefix=hair+oil%2Caps%2C108&sr=1-4-c944532c-3909-4a2a-84a2-570d2ee3cd13,"Ethereal Nature 100% Pure! Eucalyptus Oil – Perfect For Aromatherapy Diffusers, Skin or Hair Care – Beauty DIY – 4 FL OZ",4 Fl Oz (Pack of 1),4.5 out of 5 stars,"26,677",$8.77,,B09R3477P4,https://m.media-amazon.com/images/I/61EArC4ZwGL._AC_UL320_.jpg
1539,https://www.amazon.com/Olaplex-No-7-Bonding-Oil-fl/dp/B07VR1NDSQ/ref=sr_1_8?crid=3BS8JUXQWUT9E&keywords=hair+oil&qid=1668802672&sprefix=hair+oil%2Caps%2C108&sr=8-8,"Olaplex No.7 Bonding Oil, 30 ml",1 Fl Oz (Pack of 1),4.7 out of 5 stars,"34,685",$30.00,"FREE delivery Fri, Nov 25 Or fastest delivery Mon, Nov 21|",B07VR1NDSQ,https://m.media-amazon.com/images/I/61nDtNdMY6L._AC_UL320_.jpg
1540,https://www.amazon.com/OUAI-Lightweight-Multitasking-Protects-Phthalates/dp/B01MFXDAL8/ref=sr_1_9?crid=3BS8JUXQWUT9E&keywords=hair+oil&qid=1668802672&sprefix=hair+oil%2Caps%2C108&sr=8-9,"OUAI Hair Oil, Multitasking Oil Protects from UV/Heat Damage and Frizz, Adds Mega Shine and Smooths Split Ends. Safe for Colored Hair. Free from Parabens, Sulfates and Phthalates (1.5 oz)",1.5 Fl Oz (Pack of 1),4.6 out of 5 stars,"2,140",$28.00,"FREE delivery Fri, Nov 25 Or fastest delivery Mon, Nov 21|",B01MFXDAL8,https://m.media-amazon.com/images/I/51sM+nL7ErL._AC_UL320_.jpg
1541,https://www.amazon.com/OGX-Penetrating-Moisturizing-Paraben-Free-Sulfated-Surfactants/dp/B09HSRR4T8/ref=sr_1_10?crid=3BS8JUXQWUT9E&keywords=hair+oil&qid=1668802672&sprefix=hair+oil%2Caps%2C108&sr=8-10,"OGX Set of 2 Extra Strength Renewing + Argan Oil of Morocco Penetrating Hair Oil Treatment, Deep Moisturizing Serum for Dry, Damaged & Coarse Hair, Paraben-Free, Sulfated-Surfactants Free, 3.3 Fl Oz",3.3 Fl Oz (Pack of 2),4.6 out of 5 stars,"29,481",$13.28,"FREE delivery Fri, Nov 25 on $25 of items shipped by AmazonOr fastest delivery Sun, Nov 20|",B09HSRR4T8,https://m.media-amazon.com/images/I/81zr04A1GFL._AC_UL320_.jpg
1542,https://www.amazon.com/OGX-Nourishing-Coconut-Anti-Breakage-Serum/dp/B000N758A2/ref=sr_1_11?crid=3BS8JUXQWUT9E&keywords=hair+oil&qid=1668802672&sprefix=hair+oil%2Caps%2C108&sr=8-11,"OGX Nourishing + Coconut Milk Anti-Breakage Serum, 4 Fl Oz",4 Fl Oz (Pack of 1),4.6 out of 5 stars,"3,522",$7.89,"FREE delivery Fri, Nov 25 on $25 of items shipped by AmazonOr fastest delivery Sun, Nov 20|",B000N758A2,https://m.media-amazon.com/images/I/51TOoO8F0JL._AC_UL320_.jpg
1543,https://www.amazon.com/Garnier-Fructis-Anti-Frizz-Frizzy-Unmanageable/dp/B006J44BSI/ref=sr_1_12?crid=3BS8JUXQWUT9E&keywords=hair+oil&qid=1668802672&sprefix=hair+oil%2Caps%2C108&sr=8-12,"Garnier Fructis Sleek and Shine Anti-Frizz Serum, Frizzy, Dry, Unmanageable Hair, 5.1 fl; oz.",5.1 Fl Oz (Pack of 1),4.6 out of 5 stars,"30,475",$4.19,"FREE delivery Fri, Nov 25 on $25 of items shipped by AmazonOr fastest delivery Tue, Nov 22|",B006J44BSI,https://m.media-amazon.com/images/I/71cuGYQSI8L._AC_UL320_.jpg
1544,https://www.amazon.com/Certified-Kate-Stimulate-Eyelashes-Treatment/dp/B01NALN8Q9/ref=sr_1_13?crid=3BS8JUXQWUT9E&keywords=hair+oil&qid=1668802672&sprefix=hair+oil%2Caps%2C108&sr=8-13,"Castor Oil (2oz), USDA Certified Organic, 100% Pure, Cold Pressed, Hexane Free by Kate Blanc Cosmetics. Stimulate Growth for Eyelashes, Eyebrows, Hair. Skin Moisturizer & Hair Treatment Starter Kit",2 Fl Oz (Pack of 1),4.4 out of 5 stars,"72,956",$9.99,"FREE delivery Fri, Nov 25 on $25 of items shipped by AmazonOr fastest delivery Sun, Nov 20||Climate Pledge Friendly  Small Business|Climate Pledge Friendly|Climate Pledge Friendly|Small Business|Small Business|<img alt="""" src=""https://m.media-amazon.com/images/I/216-OX9rBaL._SS200_.png"" height=""50px"" width=""50px""/>  Climate Pledge Friendly|<img alt="""" src=""https://m.media-amazon.com/images/I/216-OX9rBaL._SS200_.png"" height=""50px"" width=""50px""/>  Climate Pledge Friendly|<img alt="""" src=""https://m.media-amazon.com/images/I/31P6BHLM8wL._SS200_.png"" height=""50px"" width=""50px""/> USDA Organic|<img alt="""" src=""https://m.media-amazon.com/images/I/111mHoVK0kL._SS200_.png"" height=""50px"" width=""50px""/>  Small Business|<img alt="""" src=""https://m.media-amazon.com/images/I/111mHoVK0kL._SS200_.png"" height=""50px"" width=""50px""/>  Small Business",B01NALN8Q9,https://m.media-amazon.com/images/I/61LeeGZrmeL._AC_UL320_.jpg|https://m.media-amazon.com/images/I/216-OX9rBaL._SS200_.png|https://m.media-amazon.com/images/I/111mHoVK0kL._SS200_.png|||
1545,https://www.amazon.com/OGX-Moisturizing-Strengthening-Paraben-Free-Sulfated-Surfactants/dp/B0048EZNR4/ref=sr_1_14?crid=3BS8JUXQWUT9E&keywords=hair+oil&qid=1668802672&sprefix=hair+oil%2Caps%2C108&sr=8-14,"OGX Renewing + Argan Oil of Morocco Penetrating Hair Oil Treatment, Moisturizing & Strengthening Silky Hair Oil for All Hair Types, Paraben-Free, Sulfated-Surfactants Free, 3.3 fl oz",3.3 Fl Oz (Pack of 1),4.6 out of 5 stars,"10,555",$5.74,"FREE delivery Fri, Nov 25 on $25 of items shipped by AmazonOr fastest delivery Wed, Nov 23|",B0048EZNR4,https://m.media-amazon.com/images/I/81xxPK42gGL._AC_UL320_.jpg
1546,https://www.amazon.com/Breakage-Goddess-Strength-Carols-Daughter/dp/B07YFD3T2T/ref=sr_1_15?crid=3BS8JUXQWUT9E&keywords=hair+oil&qid=1668802672&sprefix=hair+oil%2Caps%2C108&sr=8-15,"Carol’s Daughter Goddess Strength 7 Oil Blend Hair & Scalp Oil, Hair Product and Treatment Made with Castor Oil, Olive Oil, Vitamin E, Jojoba Oil- For Wavy, Curly, Coily, Natural Hair, 4.2 fl oz",4.2 Fl Oz (Pack of 1),4.6 out of 5 stars,"9,348",$10.39,"FREE delivery Fri, Nov 25 on $25 of items shipped by AmazonOr fastest delivery Sun, Nov 20|",B07YFD3T2T,https://m.media-amazon.com/images/I/61-4ItxmN-L._AC_UL320_.jpg
1547,https://www.amazon.com/USDA-Organic-Jojoba-Oil-Unrefined/dp/B01A74442I/ref=sr_1_16?crid=3BS8JUXQWUT9E&keywords=hair+oil&qid=1668802672&sprefix=hair+oil%2Caps%2C108&sr=8-16,"Cliganic USDA Organic Jojoba Oil, 100% Pure (4oz) | Moisturizing Oil for Face, Hair, Skin & Nails | Natural Cold Pressed Hexane Free",4 Fl Oz (Pack of 1),4.7 out of 5 stars,"52,841",$9.99,"FREE delivery Fri, Nov 25 on $25 of items shipped by AmazonOr fastest delivery Sun, Nov 20||Climate Pledge Friendly  Small Business|Climate Pledge Friendly|Climate Pledge Friendly|Small Business|Small Business|<img alt="""" src=""https://m.media-amazon.com/images/I/216-OX9rBaL._SS200_.png"" height=""50px"" width=""50px""/>  Climate Pledge Friendly|<img alt="""" src=""https://m.media-amazon.com/images/I/216-OX9rBaL._SS200_.png"" height=""50px"" width=""50px""/>  Climate Pledge Friendly|<img alt="""" src=""https://m.media-amazon.com/images/I/31P6BHLM8wL._SS200_.png"" height=""50px"" width=""50px""/> USDA Organic|<img alt="""" src=""https://m.media-amazon.com/images/I/31OPjlesFNL._SS200_.png"" height=""50px"" width=""50px""/> EWG Verified|<img alt="""" src=""https://m.media-amazon.com/images/I/111mHoVK0kL._SS200_.png"" height=""50px"" width=""50px""/>  Small Business|<img alt="""" src=""https://m.media-amazon.com/images/I/111mHoVK0kL._SS200_.png"" height=""50px"" width=""50px""/>  Small Business",B01A74442I,https://m.media-amazon.com/images/I/61aoVkMoAwL._AC_UL320_.jpg|https://m.media-amazon.com/images/I/216-OX9rBaL._SS200_.png|https://m.media-amazon.com/images/I/111mHoVK0kL._SS200_.png||||
1548,https://www.amazon.com/sspa/click?ie=UTF8&spc=MTo2MTIwMTM1MDczODMyODQzOjE2Njg4MDI2NzI6c3BfbXRmOjIwMDA5NDAzNjA2ODA5ODo6MDo6&url=%2FHair-Mythic-LOreal-Expert-Professionnel%2Fdp%2FB07FT86M97%2Fref%3Dsr_1_17_sspa%3Fcrid%3D3BS8JUXQWUT9E%26keywords%3Dhair%2Boil%26qid%3D1668802672%26sprefix%3Dhair%2Boil%252Caps%252C108%26sr%3D8-17-spons%26sp_csd%3Dd2lkZ2V0TmFtZT1zcF9tdGY%26psc%3D1,L'Oreal Professionnel Mythic Oil Huile Originale | Leave-In Treatment Serum | Heat Protectant | Anti- Frizz | Adds Softness & Shine | With Argan Oil | For All Hair Types | 3.4 Fl. Oz.,Sponsored,4.6 out of 5 stars,"2,545",$45.00,FREE delivery,B07FT86M97,https://m.media-amazon.com/images/I/51kWLikMFGL._AC_UL320_.jpg
1549,https://www.amazon.com/sspa/click?ie=UTF8&spc=MTo2MTIwMTM1MDczODMyODQzOjE2Njg4MDI2NzI6c3BfbXRmOjIwMDA0ODc4NTMwODY5ODo6MDo6&url=%2FPantene-Sulfate-Intense-Hydrating-Textured%2Fdp%2FB06WWP6JCT%2Fref%3Dsr_1_18_sspa%3Fcrid%3D3BS8JUXQWUT9E%26keywords%3Dhair%2Boil%26qid%3D1668802672%26sprefix%3Dhair%2Boil%252Caps%252C108%26sr%3D8-18-spons%26sp_csd%3Dd2lkZ2V0TmFtZT1zcF9tdGY%26psc%3D1,"Pantene, Hair Oil Treatment, Sulfate Free, Intense Hydrating, Pro-V Gold Series, for Natural and Curly Textured Hair, 3.2 fl oz",Sponsored,4.6 out of 5 stars,"3,645",$6.82,"FREE delivery Fri, Nov 25 on $25 of items shipped by Amazon|",B06WWP6JCT,https://m.media-amazon.com/images/I/61Cdu7cJEtL._AC_UL320_.jpg
1550,https://www.amazon.com/sspa/click?ie=UTF8&spc=MTo2MTIwMTM1MDczODMyODQzOjE2Njg4MDI2NzI6c3BfbXRmOjIwMDA5MjMwNTkxOTk5ODo6MDo6&url=%2FLOreal-Professionnel-Multi-Benefits-Provides-Proteins%2Fdp%2FB0918FHY6P%2Fref%3Dsr_1_19_sspa%3Fcrid%3D3BS8JUXQWUT9E%26keywords%3Dhair%2Boil%26qid%3D1668802672%26sprefix%3Dhair%2Boil%252Caps%252C108%26sr%3D8-19-spons%26sp_csd%3Dd2lkZ2V0TmFtZT1zcF9tdGY%26psc%3D1,L'Oreal Professionnel Absolut Repair 10-in-1 Oil | Multi-Benefit Oil for Dry & Damaged Hair | Repairs Hair and Provides Shine | With Quinoa and Proteins | 3 Fl. Oz.,Sponsored,4.6 out of 5 stars,"1,754",$32.00,FREE delivery,B0918FHY6P,https://m.media-amazon.com/images/I/61ojX-25kyL._AC_UL320_.jpg
1551,https://www.amazon.com/sspa/click?ie=UTF8&spc=MTo2MTIwMTM1MDczODMyODQzOjE2Njg4MDI2NzI6c3BfbXRmOjIwMDA1MTA0Njg1NzQ0MTo6MDo6&url=%2FCliganic-Non-GMO-Natural-Pressed-Unrefined%2Fdp%2FB07PNYG6J1%2Fref%3Dsr_1_20_sspa%3Fcrid%3D3BS8JUXQWUT9E%26keywords%3Dhair%2Boil%26qid%3D1668802672%26sprefix%3Dhair%2Boil%252Caps%252C108%26sr%3D8-20-spons%26sp_csd%3Dd2lkZ2V0TmFtZT1zcF9tdGY%26psc%3D1,"Cliganic Jojoba Oil Non-GMO, Bulk 16oz | 100% Pure, Natural Cold Pressed Unrefined Hexane Free Oil for Hair & Face",Sponsored,4.8 out of 5 stars,"7,317",$19.99,"FREE delivery Fri, Nov 25 on $25 of items shipped by AmazonOr fastest delivery Sun, Nov 20||Climate Pledge Friendly  Small Business|Climate Pledge Friendly|Climate Pledge Friendly|Small Business|Small Business|<img alt="""" src=""https://m.media-amazon.com/images/I/216-OX9rBaL._SS200_.png"" height=""50px"" width=""50px""/>  Climate Pledge Friendly|<img alt="""" src=""https://m.media-amazon.com/images/I/216-OX9rBaL._SS200_.png"" height=""50px"" width=""50px""/>  Climate Pledge Friendly|<img alt="""" src=""https://m.media-amazon.com/images/I/31OPjlesFNL._SS200_.png"" height=""50px"" width=""50px""/> EWG Verified|<img alt="""" src=""https://m.media-amazon.com/images/I/111mHoVK0kL._SS200_.png"" height=""50px"" width=""50px""/>  Small Business|<img alt="""" src=""https://m.media-amazon.com/images/I/111mHoVK0kL._SS200_.png"" height=""50px"" width=""50px""/>  Small Business",B07PNYG6J1,https://m.media-amazon.com/images/I/71iFGZEEm7L._AC_UL320_.jpg|https://m.media-amazon.com/images/I/216-OX9rBaL._SS200_.png|https://m.media-amazon.com/images/I/111mHoVK0kL._SS200_.png|||
1552,https://www.amazon.com/Verb-Ghost-Oil-Smoothing-Weightless/dp/B00C3HQB9C/ref=sr_1_21?crid=3BS8JUXQWUT9E&keywords=hair+oil&qid=1668802672&sprefix=hair+oil%2Caps%2C108&sr=8-21,"Verb Ghost Oil – Vegan Weightless Hair Oil – Lightweight Hair Oil – Revitalizing Hair Treatment Oil Nourishes and Promotes Shine – Paraben Free, Sulfate Free Smoothing Oil",2 Fl Oz (Pack of 1),4.7 out of 5 stars,"6,539",$20.00,"FREE delivery Fri, Nov 25 on $25 of items shipped by AmazonOr fastest delivery Sun, Nov 20|",B00C3HQB9C,https://m.media-amazon.com/images/I/61mMLcR30QL._AC_UL320_.jpg
1553,https://www.amazon.com/BioSilk-Silk-Therapy-5-64-Fl/dp/B001797W40/ref=sr_1_22?crid=3BS8JUXQWUT9E&keywords=hair+oil&qid=1668802672&sprefix=hair+oil%2Caps%2C108&sr=8-22,"Cosmo Farouk BioSilk Silk Therapy, White, 5.64 Fl Oz",5.64 Fl Oz (Pack of 1),4.8 out of 5 stars,"9,463",$14.40,"FREE delivery Fri, Nov 25 on $25 of items shipped by AmazonOr fastest delivery Sun, Nov 20|",B001797W40,https://m.media-amazon.com/images/I/51Flmo-OuuL._AC_UL320_.jpg
1554,https://www.amazon.com/Palmers-Butter-Biotin-Length-Retention/dp/B08PC96N6X/ref=sr_1_23?crid=3BS8JUXQWUT9E&keywords=hair+oil&qid=1668802672&sprefix=hair+oil%2Caps%2C108&sr=8-23,"Palmer's Cocoa Butter & Biotin Length Retention Hair and Scalp Oil, 5.1 Ounce",5.1 Fl Oz (Pack of 1),4.5 out of 5 stars,"1,702",$5.99,"FREE delivery Fri, Nov 25 on $25 of items shipped by AmazonOr fastest delivery Sun, Nov 20|",B08PC96N6X,https://m.media-amazon.com/images/I/610Q50m9ndL._AC_UL320_.jpg
1555,https://www.amazon.com/African-Pride-Moisture-Miracle-Essential/dp/B0B8TB41PF/ref=sr_1_24?crid=3BS8JUXQWUT9E&keywords=hair+oil&qid=1668802672&sprefix=hair+oil%2Caps%2C108&sr=8-24,"African Pride Moisture Miracle 5 Essential Oils - Contains Castor, Grapeseed, Argan, Coconut & Olive Oil, Seals in Moisture & Adds Shine to Hair, Vitamin E, 8 oz",8 Fl Oz (Pack of 1),4.7 out of 5 stars,"3,441",$9.98,"FREE delivery Fri, Nov 25 on $25 of items shipped by AmazonOr fastest delivery Sun, Nov 20|",B0B8TB41PF,https://m.media-amazon.com/images/I/711JqJ0oNPL._AC_UL320_.jpg
1556,https://www.amazon.com/Herstyler-Hair-Serum-Vitamin-Straightening/dp/B00BC3YL2W/ref=sr_1_25?crid=3BS8JUXQWUT9E&keywords=hair+oil&qid=1668802672&sprefix=hair+oil%2Caps%2C108&sr=8-25,"Herstyler Hair Repair Serum - Argan Oil Hair Serum, Vitamin E Hair Serum and Aloe Vera Hair Serum for Frizz Control, Shine and Straightening - Coz Love is in the Hair - 2 Fl. Oz, 60 Ml",2 Fl Oz (Pack of 1),4.4 out of 5 stars,"19,447",$11.99,"FREE delivery Fri, Nov 25 on $25 of items shipped by AmazonOr fastest delivery Sun, Nov 20||Small Business|Small Business|Small Business|<img alt="""" src=""https://m.media-amazon.com/images/I/111mHoVK0kL._SS200_.png"" height=""50px"" width=""50px""/>  Small Business|<img alt="""" src=""https://m.media-amazon.com/images/I/111mHoVK0kL._SS200_.png"" height=""50px"" width=""50px""/>  Small Business",B00BC3YL2W,https://m.media-amazon.com/images/I/61QLCOJdi7L._AC_UL320_.jpg|https://m.media-amazon.com/images/I/111mHoVK0kL._SS200_.png|
1557,https://www.amazon.com/Handcraft-Rosemary-Essential-Oil-Therapeutic/dp/B0757Y44SK/ref=sr_1_26?crid=3BS8JUXQWUT9E&keywords=hair+oil&qid=1668802672&sprefix=hair+oil%2Caps%2C108&sr=8-26,Handcraft Rosemary Essential Oil - 100% Pure and Natural - Premium Therapeutic Grade with Premium Glass Dropper - Huge 4 fl. Oz,4 Fl Oz (Pack of 1),4.6 out of 5 stars,"75,873",$22.95,"FREE delivery Fri, Nov 25 on $25 of items shipped by AmazonOr fastest delivery Sun, Nov 20||Small Business|Small Business|Small Business|<img alt="""" src=""https://m.media-amazon.com/images/I/111mHoVK0kL._SS200_.png"" height=""50px"" width=""50px""/>  Small Business|<img alt="""" src=""https://m.media-amazon.com/images/I/111mHoVK0kL._SS200_.png"" height=""50px"" width=""50px""/>  Small Business",B0757Y44SK,https://m.media-amazon.com/images/I/71YxoLK8WLL._AC_UL320_.jpg|https://m.media-amazon.com/images/I/111mHoVK0kL._SS200_.png|
1558,https://www.amazon.com/100-Pure-Sweet-Almond-Oil/dp/B07345BPSG/ref=sr_1_27?crid=3BS8JUXQWUT9E&keywords=hair+oil&qid=1668802672&sprefix=hair+oil%2Caps%2C108&sr=8-27,Handcraft Sweet Almond Oil - 100% Pure and Natural - Premium Therapeutic Grade Carrier Oil for Essential Oils - Massage Oil for Aromatherapy - Body Oil and Hair Oil - 16 fl. oz,16 Fl Oz (Pack of 1),4.7 out of 5 stars,"23,847",$13.95,"FREE delivery Fri, Nov 25 on $25 of items shipped by AmazonOr fastest delivery Sun, Nov 20||Small Business|Small Business|Small Business|<img alt="""" src=""https://m.media-amazon.com/images/I/111mHoVK0kL._SS200_.png"" height=""50px"" width=""50px""/>  Small Business|<img alt="""" src=""https://m.media-amazon.com/images/I/111mHoVK0kL._SS200_.png"" height=""50px"" width=""50px""/>  Small Business",B07345BPSG,https://m.media-amazon.com/images/I/717P1xb7a2L._AC_UL320_.jpg|https://m.media-amazon.com/images/I/111mHoVK0kL._SS200_.png|
1559,https://www.amazon.com/Organic-Lavender-Grapeseed-Vitamin-Moisturizer/dp/B01B12KCGC/ref=sr_1_28?crid=3BS8JUXQWUT9E&keywords=hair+oil&qid=1668802672&sprefix=hair+oil%2Caps%2C108&sr=8-28,"Organic Blend of Olive, Lavender, Almond, Vitamin E and Grapeseed Oils, Day and Night Moisturizer for Dry Skin, Face, Hair, Foot, Leg, Hands, Nail and Cuticle Care, Natural Body Oil for Women and Men",4 Ounce (Pack of 1),4.5 out of 5 stars,"33,136",$14.99,"FREE delivery Fri, Nov 25 on $25 of items shipped by AmazonOr fastest delivery Sun, Nov 20||Climate Pledge Friendly  Small Business|Climate Pledge Friendly|Climate Pledge Friendly|Small Business|Small Business|<img alt="""" src=""https://m.media-amazon.com/images/I/216-OX9rBaL._SS200_.png"" height=""50px"" width=""50px""/>  Climate Pledge Friendly|<img alt="""" src=""https://m.media-amazon.com/images/I/216-OX9rBaL._SS200_.png"" height=""50px"" width=""50px""/>  Climate Pledge Friendly|<img alt="""" src=""https://m.media-amazon.com/images/I/51vgBATI8mL._SS200_.jpg"" height=""50px"" width=""50px""/> Climate neutral by ClimatePartner|<img alt="""" src=""https://m.media-amazon.com/images/I/111mHoVK0kL._SS200_.png"" height=""50px"" width=""50px""/>  Small Business|<img alt="""" src=""https://m.media-amazon.com/images/I/111mHoVK0kL._SS200_.png"" height=""50px"" width=""50px""/>  Small Business",B01B12KCGC,https://m.media-amazon.com/images/I/71rlGQ-3nWL._AC_UL320_.jpg|https://m.media-amazon.com/images/I/216-OX9rBaL._SS200_.png|https://m.media-amazon.com/images/I/111mHoVK0kL._SS200_.png|||
1560,https://www.amazon.com/Cliganic-Organic-Moroccan-Natural-Pressed/dp/B07QBLQ7V6/ref=sr_1_29?crid=3BS8JUXQWUT9E&keywords=hair+oil&qid=1668802672&sprefix=hair+oil%2Caps%2C108&sr=8-29,"Cliganic Organic Argan Oil, 100% Pure | for Hair, Face & Skin | Cold Pressed Carrier Oil, Imported from Morocco",2 Fl Oz (Pack of 1),4.6 out of 5 stars,"23,512",$9.99,"FREE delivery Fri, Nov 25 on $25 of items shipped by AmazonOr fastest delivery Sun, Nov 20||Climate Pledge Friendly  Small Business|Climate Pledge Friendly|Climate Pledge Friendly|Small Business|Small Business|<img alt="""" src=""https://m.media-amazon.com/images/I/216-OX9rBaL._SS200_.png"" height=""50px"" width=""50px""/>  Climate Pledge Friendly|<img alt="""" src=""https://m.media-amazon.com/images/I/216-OX9rBaL._SS200_.png"" height=""50px"" width=""50px""/>  Climate Pledge Friendly|<img alt="""" src=""https://m.media-amazon.com/images/I/31P6BHLM8wL._SS200_.png"" height=""50px"" width=""50px""/> USDA Organic|<img alt="""" src=""https://m.media-amazon.com/images/I/31OPjlesFNL._SS200_.png"" height=""50px"" width=""50px""/> EWG Verified|<img alt="""" src=""https://m.media-amazon.com/images/I/111mHoVK0kL._SS200_.png"" height=""50px"" width=""50px""/>  Small Business|<img alt="""" src=""https://m.media-amazon.com/images/I/111mHoVK0kL._SS200_.png"" height=""50px"" width=""50px""/>  Small Business",B07QBLQ7V6,https://m.media-amazon.com/images/I/61Lg9yXcLAL._AC_UL320_.jpg|https://m.media-amazon.com/images/I/216-OX9rBaL._SS200_.png|https://m.media-amazon.com/images/I/111mHoVK0kL._SS200_.png||||
1561,https://www.amazon.com/Hair-Food-Sulfate-Smoothing-Treatment/dp/B07JHK4S58/ref=sr_1_30?crid=3BS8JUXQWUT9E&keywords=hair+oil&qid=1668802672&sprefix=hair+oil%2Caps%2C108&sr=8-30,"Hair Food Sulfate Free Dye Free Smoothing Treatment Argan and Avocado, Hair Oil, 3.2 Fl Oz",3.2 Fl Oz (Pack of 1),4.5 out of 5 stars,"2,813",$10.99,"FREE delivery Fri, Nov 25 on $25 of items shipped by Amazon|",B07JHK4S58,https://m.media-amazon.com/images/I/61kcptv5AcL._AC_UL320_.jpg
1562,https://www.amazon.com/Haitian-Black-Castor-Skin-Hair/dp/B087V6W2BJ/ref=sr_1_31_f3_0o_wf?crid=3BS8JUXQWUT9E&keywords=hair+oil&qid=1668802672&sprefix=hair+oil%2Caps%2C108&sr=8-31,"KREYÒL ESSENCE Haitian Black Castor Oil, Rosemary Mint, 2oz - Moisturizes and Promotes Hair Growth & Shine",($11.25/Ounce),4.6 out of 5 stars,213,$22.49,"$9.95 for 2-hour delivery with Prime|Small Business|Small Business|Small Business|<img alt="""" src=""https://m.media-amazon.com/images/I/111mHoVK0kL._SS200_.png"" height=""50px"" width=""50px""/>  Small Business|<img alt="""" src=""https://m.media-amazon.com/images/I/111mHoVK0kL._SS200_.png"" height=""50px"" width=""50px""/>  Small Business",B087V6W2BJ,https://m.media-amazon.com/images/I/718YWSl91pL._AC_UL320_.jpg|https://m.media-amazon.com/images/I/111mHoVK0kL._SS200_.png|
1563,https://www.amazon.com/Gisou-Honey-Infused-Hair-Oil/dp/B08MBWGWBQ/ref=sr_1_32?crid=3BS8JUXQWUT9E&keywords=hair+oil&qid=1668802672&sprefix=hair+oil%2Caps%2C108&sr=8-32,Gisou Honey Infused Hair Oil (1.7 fl oz),1.7 Fl Oz (Pack of 1),4.3 out of 5 stars,168,$46.00,"FREE delivery Fri, Nov 25 Or fastest delivery Sun, Nov 20|",B08MBWGWBQ,https://m.media-amazon.com/images/I/612R0gRk4FL._AC_UL320_.jpg
1564,https://www.amazon.com/sspa/click?ie=UTF8&spc=MTo2MTIwMTM1MDczODMyODQzOjE2Njg4MDI2NzI6c3BfbXRmOjIwMDA4MzYxOTU4OTk5ODo6MDo6&url=%2FExtreme-Hair-Strengthening-Care-Oil%2Fdp%2FB085ZSFVRC%2Fref%3Dsr_1_33_sspa%3Fcrid%3D3BS8JUXQWUT9E%26keywords%3Dhair%2Boil%26qid%3D1668802672%26sprefix%3Dhair%2Boil%252Caps%252C108%26sr%3D8-33-spons%26sp_csd%3Dd2lkZ2V0TmFtZT1zcF9tdGY%26psc%3D1%26smid%3DA3R9H2VC2QYHQF,16oz CRISAN Extreme Hair Growth and Strengthening Oil for Men and Women (16 fl oz),Sponsored,4.2 out of 5 stars,235,$69.99,"FREE delivery Fri, Nov 25 Or fastest delivery Sun, Nov 20||Small Business|Small Business|Small Business|<img alt="""" src=""https://m.media-amazon.com/images/I/111mHoVK0kL._SS200_.png"" height=""50px"" width=""50px""/>  Small Business|<img alt="""" src=""https://m.media-amazon.com/images/I/111mHoVK0kL._SS200_.png"" height=""50px"" width=""50px""/>  Small Business",B085ZSFVRC,https://m.media-amazon.com/images/I/71vG1pGNdCL._AC_UL320_.jpg|https://m.media-amazon.com/images/I/111mHoVK0kL._SS200_.png|
1565,https://www.amazon.com/sspa/click?ie=UTF8&spc=MTo2MTIwMTM1MDczODMyODQzOjE2Njg4MDI2NzI6c3BfbXRmOjIwMDA3NTA5OTQ0MDk5ODo6MDo6&url=%2FWella-Professionals-Reflections-Luminous-Smoothening%2Fdp%2FB0B64GMM4Y%2Fref%3Dsr_1_34_sspa%3Fcrid%3D3BS8JUXQWUT9E%26keywords%3Dhair%2Boil%26qid%3D1668802672%26sprefix%3Dhair%2Boil%252Caps%252C108%26sr%3D8-34-spons%26sp_csd%3Dd2lkZ2V0TmFtZT1zcF9tdGY%26psc%3D1,"Wella Professionals Oil Reflections Luminous Smoothening Hair Oil, For All Hair Types, 3.4 fl oz",Sponsored,3.0 out of 5 stars,2,$45.30,"FREE delivery Fri, Nov 25 Or fastest delivery Tue, Nov 22|",B0B64GMM4Y,https://m.media-amazon.com/images/I/61l7c+5104L._AC_UL320_.jpg
1566,https://www.amazon.com/sspa/click?ie=UTF8&spc=MTo2MTIwMTM1MDczODMyODQzOjE2Njg4MDI2NzI6c3BfbXRmOjIwMDA4ODcyOTg2NzA5ODo6MDo6&url=%2FPaul-Mitchell-Blowout-Vibrant-bergamot%2Fdp%2FB08N9L6C93%2Fref%3Dsr_1_35_sspa%3Fcrid%3D3BS8JUXQWUT9E%26keywords%3Dhair%2Boil%26qid%3D1668802672%26sprefix%3Dhair%2Boil%252Caps%252C108%26sr%3D8-35-spons%26sp_csd%3Dd2lkZ2V0TmFtZT1zcF9tdGY%26psc%3D1,"Paul Mitchell Super Skinny Serum, Speeds Up Drying Time, Humidity Resistant, For Frizzy Hair",Sponsored,4.8 out of 5 stars,"8,317",$26.50,"FREE delivery Fri, Nov 25 Or fastest delivery Tue, Nov 22|",B08N9L6C93,https://m.media-amazon.com/images/I/41i+Mn0swPL._AC_UL320_.jpg
1567,https://www.amazon.com/sspa/click?ie=UTF8&spc=MTo2MTIwMTM1MDczODMyODQzOjE2Njg4MDI2NzI6c3BfbXRmOjIwMDA0MzUyNTQ1NDA5ODo6MDo6&url=%2FGIRL-HAIR-Scalp-Hair-Strengthening%2Fdp%2FB09PMNCYWS%2Fref%3Dsr_1_36_sspa%3Fcrid%3D3BS8JUXQWUT9E%26keywords%3Dhair%2Boil%26qid%3D1668802672%26sprefix%3Dhair%2Boil%252Caps%252C108%26sr%3D8-36-spons%26sp_csd%3Dd2lkZ2V0TmFtZT1zcF9tdGY%26psc%3D1,"GIRL+HAIR Scalp & Hair Strengthening Oil - Encourages Thicker, Stronger Hair and Healthy Scalp - Promotes Hair Growth with Pumpkin Oil - No parabens, sulfates, mineral oils, or fragrance (2 fl oz)",Sponsored,4.7 out of 5 stars,77,$19.99,"FREE delivery Fri, Nov 25 on $25 of items shipped by AmazonOr fastest delivery Sun, Nov 20||Small Business|Small Business|Small Business|<img alt="""" src=""https://m.media-amazon.com/images/I/111mHoVK0kL._SS200_.png"" height=""50px"" width=""50px""/>  Small Business|<img alt="""" src=""https://m.media-amazon.com/images/I/111mHoVK0kL._SS200_.png"" height=""50px"" width=""50px""/>  Small Business",B09PMNCYWS,https://m.media-amazon.com/images/I/61xwp52M5RL._AC_UL320_.jpg|https://m.media-amazon.com/images/I/111mHoVK0kL._SS200_.png|
1568,https://www.amazon.com/Miracles-Formula-Strengthen-Daily-Moisturizing/dp/B00449OCLG/ref=sr_1_37?crid=3BS8JUXQWUT9E&keywords=hair+oil&qid=1668802672&sprefix=hair+oil%2Caps%2C108&sr=8-37,"Dr. Miracle's Feel It Formula, Strengthen Daily Moisturizing Gro Oil, 4 Ounce",4 Fl Oz (Pack of 1),4.5 out of 5 stars,"3,465",$6.20,"FREE delivery Fri, Nov 25 on $25 of items shipped by AmazonOr fastest delivery Sun, Nov 20|",B00449OCLG,https://m.media-amazon.com/images/I/6193bjLVTVL._AC_UL320_.jpg
1569,https://www.amazon.com/365-Everyday-Value-Organic-Coconut/dp/B00KK679FS/ref=sr_1_38_f3_0o_wf?crid=3BS8JUXQWUT9E&keywords=hair+oil&qid=1668802672&sprefix=hair+oil%2Caps%2C108&sr=8-38,"365 by Whole Foods Market, Oil Coconut Virgin Unrefined Organic, 14 Fl Oz",($0.54/Fl Oz),4.8 out of 5 stars,"4,569",$7.49,"$9.95 for 2-hour delivery with Prime|Climate Pledge Friendly|Climate Pledge Friendly|Climate Pledge Friendly|<img alt="""" src=""https://m.media-amazon.com/images/I/216-OX9rBaL._SS200_.png"" height=""50px"" width=""50px""/>  Climate Pledge Friendly|<img alt="""" src=""https://m.media-amazon.com/images/I/216-OX9rBaL._SS200_.png"" height=""50px"" width=""50px""/>  Climate Pledge Friendly|<img alt="""" src=""https://m.media-amazon.com/images/I/31P6BHLM8wL._SS200_.png"" height=""50px"" width=""50px""/> USDA Organic",B00KK679FS,https://m.media-amazon.com/images/I/819NyvoTHXL._AC_UL320_.jpg|https://m.media-amazon.com/images/I/216-OX9rBaL._SS200_.png||
1570,https://www.amazon.com/WOW-Natural-Essential-Vitamins-Eyebrows/dp/B07NDR2J4K/ref=sr_1_39?crid=3BS8JUXQWUT9E&keywords=hair+oil&qid=1668802672&sprefix=hair+oil%2Caps%2C108&sr=8-39,"WOW Skin Science Onion Black Seed Hair Oil for Dry Damaged Hair & Growth - Oil Hair Care Strong Hair Growth Oil - Hair Treatment for Dry Damaged Hair with Almond, Castor, Olive, Coconut & Jojoba Oil 6.8 Fl Oz (Pack of 1)",6.8 Fl Oz (Pack of 1),4.2 out of 5 stars,"47,113",$11.87,"FREE delivery Fri, Nov 25 on $25 of items shipped by AmazonOr fastest delivery Tue, Nov 22|",B07NDR2J4K,https://m.media-amazon.com/images/I/619jdphRQHL._AC_UL320_.jpg
1571,https://www.amazon.com/Majestic-Pure-Avocado-Hair-Skin/dp/B08B85MWMX/ref=sr_1_40?crid=3BS8JUXQWUT9E&keywords=hair+oil&qid=1668802672&sprefix=hair+oil%2Caps%2C108&sr=8-40,"Majestic Pure Avocado Oil for Hair and Skin - 100% Pure and Natural, Cold-Pressed, for Skin Care, Massage, Hair Care, and Carrier Oil to Dilute Essential Oils, 16 fl oz",16 Fl Oz (Pack of 1),4.7 out of 5 stars,"2,876",$11.95,"FREE delivery Fri, Nov 25 on $25 of items shipped by AmazonOr fastest delivery Sun, Nov 20||Small Business|Small Business|Small Business|<img alt="""" src=""https://m.media-amazon.com/images/I/111mHoVK0kL._SS200_.png"" height=""50px"" width=""50px""/>  Small Business|<img alt="""" src=""https://m.media-amazon.com/images/I/111mHoVK0kL._SS200_.png"" height=""50px"" width=""50px""/>  Small Business",B08B85MWMX,https://m.media-amazon.com/images/I/611no7Fz8OL._AC_UL320_.jpg|https://m.media-amazon.com/images/I/111mHoVK0kL._SS200_.png|
1572,https://www.amazon.com/Garnier-Fructis-Triple-Nutrition-Marvelous/dp/B01MDTWC48/ref=sr_1_41?crid=3BS8JUXQWUT9E&keywords=hair+oil&qid=1668802672&sprefix=hair+oil%2Caps%2C108&sr=8-41,"Garnier Hair Care Fructis Triple Nutrition Marvelous Oil Hair Elixir, 5 Ounce",5.07 Fl Oz (Pack of 1),4.6 out of 5 stars,"12,221",$5.97,"FREE delivery Sun, Nov 27 on $25 of items shipped by Amazon|",B01MDTWC48,https://m.media-amazon.com/images/I/41K61-AM4KL._AC_UL320_.jpg
1573,https://www.amazon.com/Difeel-Premium-Natural-Hair-Peppermint/dp/B06XYTCKP2/ref=sr_1_42?crid=3BS8JUXQWUT9E&keywords=hair+oil&qid=1668802672&sprefix=hair+oil%2Caps%2C108&sr=8-42,Difeel Premium Natural Hair Oil - Peppermint Oil 2.5 ounce,2.5 Fl Oz (Pack of 1),4.5 out of 5 stars,"2,193",$4.82,"FREE delivery Tue, Nov 29 on $25 of items shipped by AmazonOr fastest delivery Tue, Nov 22|",B06XYTCKP2,https://m.media-amazon.com/images/I/517sg6GZONL._AC_UL320_.jpg
1574,https://www.amazon.com/Brazilian-Glossy-Nourishing-Hair-Oil/dp/B09RXWFW1V/ref=sr_1_43?crid=3BS8JUXQWUT9E&keywords=hair+oil&qid=1668802672&sprefix=hair+oil%2Caps%2C108&sr=8-43,Brazilian Glossy Nourishing Hair Oil,2 Fl Oz (Pack of 1),4.4 out of 5 stars,444,$34.00,"FREE delivery Fri, Nov 25 Or fastest delivery Sun, Nov 20||Small Business|Small Business|Small Business|<img alt="""" src=""https://m.media-amazon.com/images/I/111mHoVK0kL._SS200_.png"" height=""50px"" width=""50px""/>  Small Business|<img alt="""" src=""https://m.media-amazon.com/images/I/111mHoVK0kL._SS200_.png"" height=""50px"" width=""50px""/>  Small Business",B09RXWFW1V,https://m.media-amazon.com/images/I/61jJMBlejUL._AC_UL320_.jpg|https://m.media-amazon.com/images/I/111mHoVK0kL._SS200_.png|
1575,https://www.amazon.com/Fractionated-Coconut-Oil-Aromatherapy-Moisturizing/dp/B07346X1R5/ref=sr_1_44?crid=3BS8JUXQWUT9E&keywords=hair+oil&qid=1668802672&sprefix=hair+oil%2Caps%2C108&sr=8-44,"Handcraft Fractionated Coconut Oil - 100% Pure & Natural Premium Grade Coconut Carrier Oil for Essential Oils, Massage Oil, Moisturizing Hair Oil & Body Oil - 16 fl. Oz",16 Fl Oz (Pack of 1),4.6 out of 5 stars,"21,943",$13.95,"FREE delivery Fri, Nov 25 on $25 of items shipped by AmazonOr fastest delivery Sun, Nov 20||Small Business|Small Business|Small Business|<img alt="""" src=""https://m.media-amazon.com/images/I/111mHoVK0kL._SS200_.png"" height=""50px"" width=""50px""/>  Small Business|<img alt="""" src=""https://m.media-amazon.com/images/I/111mHoVK0kL._SS200_.png"" height=""50px"" width=""50px""/>  Small Business",B07346X1R5,https://m.media-amazon.com/images/I/71lv1pyBjxL._AC_UL320_.jpg|https://m.media-amazon.com/images/I/111mHoVK0kL._SS200_.png|
1576,https://www.amazon.com/JVN-Pre-Wash-Treatment-Shampoo-Cleansing/dp/B09R3TC8NX/ref=sr_1_45?crid=3BS8JUXQWUT9E&keywords=hair+oil&qid=1668802672&sprefix=hair+oil%2Caps%2C108&sr=8-45,"JVN Pre-Wash Scalp Oil & Hair Treatment Oil, Pre Shampoo Dry Scalp Treatment, Scalp Cleansing Oil for All Hair Types, Sulfate Free (1.7 Fl Oz)",1.7 Fl Oz (Pack of 1),4.4 out of 5 stars,381,$29.00,"FREE delivery Fri, Nov 25 Or fastest delivery Sun, Nov 20|",B09R3TC8NX,https://m.media-amazon.com/images/I/61pxeGvOUHL._AC_UL320_.jpg
1577,https://www.amazon.com/Ethereal-Nature-Natural-Blend-green/dp/B08HYP26GY/ref=sr_1_46?crid=3BS8JUXQWUT9E&keywords=hair+oil&qid=1668802672&sprefix=hair+oil%2Caps%2C108&sr=8-46,"Ethereal Nature 99% Natural Hair Oil Blend Tea Tree, 7.10 oz",7.1 Fl Oz (Pack of 1),4.4 out of 5 stars,"13,354",$9.99,"FREE delivery Fri, Nov 25 on $25 of items shipped by AmazonOr fastest delivery Sun, Nov 20|",B08HYP26GY,https://m.media-amazon.com/images/I/61P5epv2s1L._AC_UL320_.jpg
1578,https://www.amazon.com/Nutrafol-Growth-Thicker-Stronger-Capsules/dp/B00LU4CZP8/ref=sr_1_47?crid=3BS8JUXQWUT9E&keywords=hair+oil&qid=1668802672&sprefix=hair+oil%2Caps%2C108&sr=8-47,"Nutrafol Women Hair Growth Supplement for Thicker, Stronger Hair (4 Capsules Per Day - 1 Month Supply)",120 Count (Pack of 1),4.3 out of 5 stars,"12,210",$88.00,"FREE delivery Fri, Nov 25 Or fastest delivery Sun, Nov 20|",B00LU4CZP8,https://m.media-amazon.com/images/I/51rSFGjdYbL._AC_UL320_.jpg
1579,https://www.amazon.com/Redken-Argan-6-Deeply-Conditions-Softness/dp/B08SSFTTSD/ref=sr_1_48?crid=3BS8JUXQWUT9E&keywords=hair+oil&qid=1668802672&sprefix=hair+oil%2Caps%2C108&sr=8-48,"Redken All Soft Argan-6 Oil Treatment | For Dry Hair | Deeply Conditions Hair, Adds Softness & Shine | With Argan Oil",3.8 Fl Oz (Pack of 1),4.6 out of 5 stars,"2,419",$35.00,"FREE delivery Fri, Nov 25 Or fastest delivery Sun, Nov 20|",B08SSFTTSD,https://m.media-amazon.com/images/I/81puG6HN28L._AC_UL320_.jpg
1580,https://www.amazon.com/Nutrafol-Balance-Supplement-Stronger-Post-Menopause/dp/B07QZ5CTTF/ref=sr_1_49?crid=3BS8JUXQWUT9E&keywords=hair+oil&qid=1668802672&sprefix=hair+oil%2Caps%2C108&sr=8-49,"Nutrafol Women’s Balance Menopause Supplement, Clinically Proven Hair Growth Supplement for Visibly Thicker Hair and Scalp Coverage Through Menopause (1-Month Supply [Bottle])",120 Count (Pack of 1),4.4 out of 5 stars,"5,248",$88.00,"FREE delivery Fri, Nov 25 Or fastest delivery Sun, Nov 20|",B07QZ5CTTF,https://m.media-amazon.com/images/I/61x2viEylzL._AC_UL320_.jpg
1581,https://www.amazon.com/Cliganic-Non-GMO-Natural-Pressed-Unrefined/dp/B07PNYG6J1/ref=sr_1_50?crid=3BS8JUXQWUT9E&keywords=hair+oil&qid=1668802672&sprefix=hair+oil%2Caps%2C108&sr=8-50,"Cliganic Jojoba Oil Non-GMO, Bulk 16oz | 100% Pure, Natural Cold Pressed Unrefined Hexane Free Oil for Hair & Face",16 Fl Oz (Pack of 1),4.8 out of 5 stars,"7,317",$19.99,"FREE delivery Fri, Nov 25 on $25 of items shipped by AmazonOr fastest delivery Sun, Nov 20||Climate Pledge Friendly  Small Business|Climate Pledge Friendly|Climate Pledge Friendly|Small Business|Small Business|<img alt="""" src=""https://m.media-amazon.com/images/I/216-OX9rBaL._SS200_.png"" height=""50px"" width=""50px""/>  Climate Pledge Friendly|<img alt="""" src=""https://m.media-amazon.com/images/I/216-OX9rBaL._SS200_.png"" height=""50px"" width=""50px""/>  Climate Pledge Friendly|<img alt="""" src=""https://m.media-amazon.com/images/I/31OPjlesFNL._SS200_.png"" height=""50px"" width=""50px""/> EWG Verified|<img alt="""" src=""https://m.media-amazon.com/images/I/111mHoVK0kL._SS200_.png"" height=""50px"" width=""50px""/>  Small Business|<img alt="""" src=""https://m.media-amazon.com/images/I/111mHoVK0kL._SS200_.png"" height=""50px"" width=""50px""/>  Small Business",B07PNYG6J1,https://m.media-amazon.com/images/I/71iFGZEEm7L._AC_UL320_.jpg|https://m.media-amazon.com/images/I/216-OX9rBaL._SS200_.png|https://m.media-amazon.com/images/I/111mHoVK0kL._SS200_.png|||
1582,https://www.amazon.com/365-Everyday-Value-Avocado-Ounce/dp/B07Q4YNG8W/ref=sr_1_51_f3_0o_wf?crid=3BS8JUXQWUT9E&keywords=hair+oil&qid=1668802672&sprefix=hair+oil%2Caps%2C108&sr=8-51,"365 by Whole Foods Market, Oil Avocado, 16.9 Fl Oz",($0.59/Ounce),4.8 out of 5 stars,"2,891",$9.99,$9.95 for 2-hour delivery with Prime,B07Q4YNG8W,https://m.media-amazon.com/images/I/61qISAMpnQL._AC_UL320_.jpg
1583,https://www.amazon.com/Moroccanoil-Treatment-Light-0-85-Ounce/dp/B004EFG4BG/ref=sr_1_52?crid=3BS8JUXQWUT9E&keywords=hair+oil&qid=1668802672&sprefix=hair+oil%2Caps%2C108&sr=8-52,Moroccanoil Treatment Light,0.85 Fl Oz (Pack of 1),4.7 out of 5 stars,"16,804",$16.00,"FREE delivery Fri, Nov 25 on $25 of items shipped by AmazonOr fastest delivery Sun, Nov 20|",B004EFG4BG,https://m.media-amazon.com/images/I/61WjmplBMlL._AC_UL320_.jpg
1584,https://www.amazon.com/Luseta-Biotin-Collagen-Strengthen-Treatment/dp/B0794V5RW1/ref=sr_1_53?crid=3BS8JUXQWUT9E&keywords=hair+oil&qid=1668802672&sprefix=hair+oil%2Caps%2C108&sr=8-53,"Luseta Biotin Hair Growth Serum, Hair Growth Oil for Thin & Dry Hair, Biotin & Collagen Oil for Thickening of Hair and Nourishing of Scalp 3.38 oz",3.38 Fl Oz (Pack of 1),4.5 out of 5 stars,"3,080",$18.49,"FREE delivery Fri, Nov 25 on $25 of items shipped by AmazonOr fastest delivery Sun, Nov 20||Small Business|Small Business|Small Business|<img alt="""" src=""https://m.media-amazon.com/images/I/111mHoVK0kL._SS200_.png"" height=""50px"" width=""50px""/>  Small Business|<img alt="""" src=""https://m.media-amazon.com/images/I/111mHoVK0kL._SS200_.png"" height=""50px"" width=""50px""/>  Small Business",B0794V5RW1,https://m.media-amazon.com/images/I/61L71h3H4cL._AC_UL320_.jpg|https://m.media-amazon.com/images/I/111mHoVK0kL._SS200_.png|
1585,https://www.amazon.com/OGX-Strength-Coconut-Miracle-Penetrating/dp/B01M5KZTAQ/ref=sr_1_54?crid=3BS8JUXQWUT9E&keywords=hair+oil&qid=1668802672&sprefix=hair+oil%2Caps%2C108&sr=8-54,"OGX Extra Strength Damage Remedy + Coconut Miracle Oil Penetrating Hair Oil Treatment, Extra Hydrating Anti-Frizz Oil for Coarse, Dry Hair, Paraben-Free, Sulfated-Surfactants Free, 3.3 fl oz",3.3 Fl Oz (Pack of 1),4.6 out of 5 stars,"7,069",$7.34,"FREE delivery Fri, Nov 25 on $25 of items shipped by AmazonOr fastest delivery Tue, Nov 22|",B01M5KZTAQ,https://m.media-amazon.com/images/I/71xjppJfPFL._AC_UL320_.jpg
1586,https://www.amazon.com/Essential-Fiora-Antifungal-Antiseptic-Alternifolia/dp/B087PCV3TP/ref=sr_1_55?crid=3BS8JUXQWUT9E&keywords=hair+oil&qid=1668802672&sprefix=hair+oil%2Caps%2C108&sr=8-55,"Tea Tree Essential Oil by Fiora Naturals- 100% Pure Organic Tea Tree Oil, for Face, Hair, Skin, Acne, Scalp, Foot and Toenails. Pure Melaleuca Alternifolia, 1 oz /30ml",1 Fl Oz (Pack of 1),4.6 out of 5 stars,"6,362",$12.97,"FREE delivery Fri, Nov 25 on $25 of items shipped by AmazonOr fastest delivery Sun, Nov 20||Climate Pledge Friendly  Small Business|Climate Pledge Friendly|Climate Pledge Friendly|Small Business|Small Business|<img alt="""" src=""https://m.media-amazon.com/images/I/216-OX9rBaL._SS200_.png"" height=""50px"" width=""50px""/>  Climate Pledge Friendly|<img alt="""" src=""https://m.media-amazon.com/images/I/216-OX9rBaL._SS200_.png"" height=""50px"" width=""50px""/>  Climate Pledge Friendly|<img alt="""" src=""https://m.media-amazon.com/images/I/31P6BHLM8wL._SS200_.png"" height=""50px"" width=""50px""/> USDA Organic|<img alt="""" src=""https://m.media-amazon.com/images/I/111mHoVK0kL._SS200_.png"" height=""50px"" width=""50px""/>  Small Business|<img alt="""" src=""https://m.media-amazon.com/images/I/111mHoVK0kL._SS200_.png"" height=""50px"" width=""50px""/>  Small Business",B087PCV3TP,https://m.media-amazon.com/images/I/616nxdlx3wL._AC_UL320_.jpg|https://m.media-amazon.com/images/I/216-OX9rBaL._SS200_.png|https://m.media-amazon.com/images/I/111mHoVK0kL._SS200_.png|||
1587,https://www.amazon.com/Olaplex-Bond-Protector-Nourishing-Serum/dp/B09XBZMG71/ref=sr_1_56?crid=3BS8JUXQWUT9E&keywords=hair+oil&qid=1668802672&sprefix=hair+oil%2Caps%2C108&sr=8-56,Olaplex No. 9 Bond Protector Nourishing Hair Serum,3 Fl Oz (Pack of 1),4.6 out of 5 stars,"1,646",$30.00,"FREE delivery Fri, Nov 25 Or fastest delivery Sun, Nov 20|",B09XBZMG71,https://m.media-amazon.com/images/I/61SsuCwjCrL._AC_UL320_.jpg
1588,https://www.amazon.com/JVN-Complete-Nourishing-Hydration-Long-Term/dp/B09R3WSWPN/ref=sr_1_57?crid=3BS8JUXQWUT9E&keywords=hair+oil&qid=1668802672&sprefix=hair+oil%2Caps%2C108&sr=8-57,"JVN Complete Nourishing Shine Drops, Hair Shine Drops for Hydration and Long-Term Hair Health, Styling Oil for All Hair Types, Sulfate Free (1.7 Fl Oz)",1.7 Fl Oz (Pack of 1),4.4 out of 5 stars,140,$24.00,"FREE delivery Fri, Nov 25 on $25 of items shipped by AmazonOr fastest delivery Tue, Nov 22|",B09R3WSWPN,https://m.media-amazon.com/images/I/61zZfJ8YqYL._AC_UL320_.jpg
1589,https://www.amazon.com/CHI-Silk-Infusion-fl-oz/dp/B00103DUZS/ref=sr_1_58?crid=3BS8JUXQWUT9E&keywords=hair+oil&qid=1668802672&sprefix=hair+oil%2Caps%2C108&sr=8-58,"CHI Silk Infusion, 6 Fl Oz",6 Fl Oz (Pack of 1),4.7 out of 5 stars,"30,468",,,B00103DUZS,https://m.media-amazon.com/images/I/31mSUCz1iDL._AC_UL320_.jpg
1590,https://www.amazon.com/Macadamia-Natural-Oil-Healing-Treatment/dp/B07QJQQX37/ref=sr_1_59?crid=3BS8JUXQWUT9E&keywords=hair+oil&qid=1668802672&sprefix=hair+oil%2Caps%2C108&sr=8-59,Macadamia Natural Oil Healing Oil Treatment in Glass Bottle,4.23 Fl Oz (Pack of 1),4.6 out of 5 stars,448,$24.98,"FREE delivery Fri, Nov 25 on $25 of items shipped by AmazonOr fastest delivery Sun, Nov 20||Small Business|Small Business|Small Business|<img alt="""" src=""https://m.media-amazon.com/images/I/111mHoVK0kL._SS200_.png"" height=""50px"" width=""50px""/>  Small Business|<img alt="""" src=""https://m.media-amazon.com/images/I/111mHoVK0kL._SS200_.png"" height=""50px"" width=""50px""/>  Small Business",B07QJQQX37,https://m.media-amazon.com/images/I/81u4rMpENIL._AC_UL320_.jpg|https://m.media-amazon.com/images/I/111mHoVK0kL._SS200_.png|
1591,https://www.amazon.com/Pantene-Hydrating-Baobab-Essence-Thirsty/dp/B08Q1MYJJT/ref=sr_1_60?crid=3BS8JUXQWUT9E&keywords=hair+oil&qid=1668802672&sprefix=hair+oil%2Caps%2C108&sr=8-60,"Pantene Hydrating Glow with Baobab Essence Thirsty Ends Milk To Water Hair Serum, 3.2 Fl Oz, 2.508 Fl Oz",3.2 Fl Oz (Pack of 1),4.2 out of 5 stars,191,$6.97,"FREE delivery Fri, Nov 25 on $25 of items shipped by Amazon|",B08Q1MYJJT,https://m.media-amazon.com/images/I/519Kg-iFhEL._AC_UL320_.jpg
1592,https://aax-us-iad.amazon.com/x/c/RM9wCIq8mglddvzZI-Fa7WoAAAGEjGP2BQEAAAH2AQBOL0EgICAgICAgICAgICBOL0EgICAgICAgICAgICDsRv1p/https://www.amazon.com/dp/B00DS842HS?pd_rd_i=B00DS842HS&pf_rd_p=55defc4a-7c1e-47a7-8d1d-5cc458cca688&pf_rd_r=7PRTE3MFABK3P0D44QRZ&pd_rd_wg=mBDB7&pd_rd_w=JZrmE&pd_rd_r=ed2915a4-53ee-455e-96c7-e31bcc2a5135,"Organic Coconut Oil, Cold-Pressed - Natural Hair Oil, Skin Oil and Cooking Oil with Fresh Flavor, Non-GMO Unrefined Extra Virgin Coconut Oil (Aceite de Coco), USDA Organic, 16 oz",Sponsored,4.7 out of 5 stars,"70,773",$8.70,"FREE delivery Fri, Nov 25 on $25 of items shipped by AmazonOr fastest delivery Sun, Nov 20|",,
1599,https://www.amazon.com/sspa/click?ie=UTF8&spc=MToxMzUzNTQwMzg4Nzc1MTkzOjE2Njg4MDI2OTI6c3BfYXRmOjIwMDAzODIwMzAzOTI5ODo6MDo6&url=%2FPantene-Shampoo-Treament-Moisture-Color-Treated%2Fdp%2FB09GV8S8TS%2Fref%3Dsr_1_1_sspa%3Fcrid%3D38PGDR6PZ4RYL%26keywords%3Dshampoo%26qid%3D1668802692%26sprefix%3Dshampoo%252Caps%252C79%26sr%3D8-1-spons%26sp_csd%3Dd2lkZ2V0TmFtZT1zcF9hdGY%26psc%3D1,"Pantene Shampoo Twin Pack with Hair Treament, Daily Moisture Renewal for Dry Hair, Safe for Color-Treated Hair",Sponsored,4.7 out of 5 stars,"5,343",$17.99,FREE delivery on $25 shipped by Amazon.,B09GV8S8TS,https://m.media-amazon.com/images/I/71Ayuiq1PmL._AC_UL320_.jpg
1600,https://www.amazon.com/sspa/click?ie=UTF8&spc=MToxMzUzNTQwMzg4Nzc1MTkzOjE2Njg4MDI2OTI6c3BfYXRmOjIwMDA4NzQwNjY5MjA5ODo6MDo6&url=%2FPantene-Shampoo-Sulfate-Conditioner-Soothing%2Fdp%2FB07N3BN1KS%2Fref%3Dsr_1_2_sspa%3Fcrid%3D38PGDR6PZ4RYL%26keywords%3Dshampoo%26qid%3D1668802692%26sprefix%3Dshampoo%252Caps%252C79%26sr%3D8-2-spons%26sp_csd%3Dd2lkZ2V0TmFtZT1zcF9hdGY%26psc%3D1,"Pantene, Shampoo and Sulfate Free Conditioner Kit, Paraben and Dye Free, Pro-V Blends, Soothing Rose Water, 17.9 fl oz, Twin Pack",Sponsored,4.5 out of 5 stars,"8,472",$20.99,"FREE delivery Fri, Nov 25 on $25 of items shipped by AmazonOr fastest delivery Tue, Nov 22|",B07N3BN1KS,https://m.media-amazon.com/images/I/71g0eVP1T5L._AC_UL320_.jpg
1601,https://www.amazon.com/sspa/click?ie=UTF8&spc=MToxMzUzNTQwMzg4Nzc1MTkzOjE2Njg4MDI2OTI6c3BfYXRmOjIwMDA4MDk0MDcyNTk5ODo6MDo6&url=%2FHead-Shoulders-Dandruff-Shampoo-Infused%2Fdp%2FB08LHX5QG7%2Fref%3Dsr_1_3_sspa%3Fcrid%3D38PGDR6PZ4RYL%26keywords%3Dshampoo%26qid%3D1668802692%26sprefix%3Dshampoo%252Caps%252C79%26sr%3D8-3-spons%26sp_csd%3Dd2lkZ2V0TmFtZT1zcF9hdGY%26psc%3D1,"Head & Shoulders Tea Tree Anti-Dandruff Shampoo, 32.1 Fl Oz Each, Twin Pack",Sponsored,4.7 out of 5 stars,"2,646",$21.99,FREE delivery on $25 shipped by Amazon.,B08LHX5QG7,https://m.media-amazon.com/images/I/71u6q7os7ML._AC_UL320_.jpg
1602,https://www.amazon.com/sspa/click?ie=UTF8&spc=MToxMzUzNTQwMzg4Nzc1MTkzOjE2Njg4MDI2OTI6c3BfYXRmOjIwMDA2NzMyNjg2OTY5ODo6MDo6&url=%2FPureology-Hydrate-Moisturizing-Shampoo-Ounces%2Fdp%2FB0891843GC%2Fref%3Dsr_1_4_sspa%3Fcrid%3D38PGDR6PZ4RYL%26keywords%3Dshampoo%26qid%3D1668802692%26sprefix%3Dshampoo%252Caps%252C79%26sr%3D8-4-spons%26sp_csd%3Dd2lkZ2V0TmFtZT1zcF9hdGY%26psc%3D1,"Pureology Hydrate Moisturizing Shampoo | For Medium to Thick Dry, Color Treated Hair | Sulfate-Free | Vegan",Sponsored,4.7 out of 5 stars,"13,816",$35.00,"FREE delivery Fri, Nov 25 Or fastest delivery Sun, Nov 20||Climate Pledge Friendly|Climate Pledge Friendly|Climate Pledge Friendly|<img alt="""" src=""https://m.media-amazon.com/images/I/216-OX9rBaL._SS200_.png"" height=""50px"" width=""50px""/>  Climate Pledge Friendly|<img alt="""" src=""https://m.media-amazon.com/images/I/216-OX9rBaL._SS200_.png"" height=""50px"" width=""50px""/>  Climate Pledge Friendly|<img alt="""" src=""https://m.media-amazon.com/images/I/41J16pJqXZL._SS200_.jpg"" height=""50px"" width=""50px""/> Cradle to Cradle Certified",B0891843GC,https://m.media-amazon.com/images/I/61ekYn-6cbL._AC_UL320_.jpg|https://m.media-amazon.com/images/I/216-OX9rBaL._SS200_.png||
1603,https://www.amazon.com/LOreal-Paris-Repairing-Shampoo-Ceramide/dp/B07525QJC8/ref=sr_1_5?crid=38PGDR6PZ4RYL&keywords=shampoo&qid=1668802692&sprefix=shampoo%2Caps%2C79&sr=8-5,L'Oreal Paris Elvive Total Repair 5 Repairing Shampoo for Damaged Hair Shampoo with Protein and Ceramide for Strong Silky Shiny Healthy Renewed Hair 28 Fl Oz,28 Fl Oz (Pack of 1),4.6 out of 5 stars,"8,486",$6.58,"FREE delivery Fri, Nov 25 on $25 of items shipped by AmazonOr fastest delivery Sun, Nov 20||Climate Pledge Friendly|Climate Pledge Friendly|Climate Pledge Friendly|<img alt="""" src=""https://m.media-amazon.com/images/I/216-OX9rBaL._SS200_.png"" height=""50px"" width=""50px""/>  Climate Pledge Friendly|<img alt="""" src=""https://m.media-amazon.com/images/I/216-OX9rBaL._SS200_.png"" height=""50px"" width=""50px""/>  Climate Pledge Friendly|<img alt="""" src=""https://m.media-amazon.com/images/I/41J16pJqXZL._SS200_.jpg"" height=""50px"" width=""50px""/> Cradle to Cradle Certified",B07525QJC8,https://m.media-amazon.com/images/I/51CTIBB4VpS._AC_UL320_.jpg|https://m.media-amazon.com/images/I/216-OX9rBaL._SS200_.png||
1604,https://www.amazon.com/TRESemm%C3%A9-Moisturizes-Moroccan-Professional-Salon-Healthy/dp/B08BTNS4K8/ref=sr_1_6?crid=38PGDR6PZ4RYL&keywords=shampoo&qid=1668802692&sprefix=shampoo%2Caps%2C79&sr=8-6,"TRESemmé Shampoo Tames and Moisturizes Dry Hair With Moroccan Argan Oil Smooth and Silky For Professional Quality Salon-Healthy Look And Shine, 28 Fl Oz (Pack of 3)",28 Ounce (Pack of 3),4.7 out of 5 stars,"6,660",$17.97,"FREE delivery Fri, Nov 25 on $25 of items shipped by AmazonOr fastest delivery Sun, Nov 20|",B08BTNS4K8,https://m.media-amazon.com/images/I/81crmp95EaL._AC_UL320_.jpg
1605,https://www.amazon.com/Herbal-Essences-Conditioner-BioRenew-Repairing/dp/B07NQ69L7P/ref=sr_1_7?crid=38PGDR6PZ4RYL&keywords=shampoo&qid=1668802692&sprefix=shampoo%2Caps%2C79&sr=8-7,"Herbal Essences Shampoo and Conditioner Set Repairing Argan Oil of Morocco with Natural Source Ingredients, Color Safe, BioRenew, 20.2 Fl Oz, 2 Count",2 Piece Set,4.6 out of 5 stars,"17,194",$11.00,FREE delivery Nov 22 - 23,B07NQ69L7P,https://m.media-amazon.com/images/I/81DvVl-25VL._AC_UL320_.jpg
1606,https://www.amazon.com/Umberto-Giannini-Cruelty-Sulfate-Shampoo/dp/B07D1QSSKQ/ref=sxin_15?content-id=amzn1.sym.d7223ab3-d7ba-402d-901f-6bf4c3c8698f%3Aamzn1.sym.d7223ab3-d7ba-402d-901f-6bf4c3c8698f&crid=38PGDR6PZ4RYL&cv_ct_cx=shampoo&keywords=shampoo&pd_rd_i=B07D1QSSKQ&pd_rd_r=22a718cc-3d4a-4c43-9f10-ea4075a04f65&pd_rd_w=BeiRX&pd_rd_wg=mlXaD&pf_rd_p=d7223ab3-d7ba-402d-901f-6bf4c3c8698f&pf_rd_r=ADKT3SMSAF49EB4QT7BS&qid=1668802692&sprefix=shampoo%2Caps%2C79&sr=1-1-fe296e3f-866b-4d03-ac2f-5b8cc03edba3,"Umberto Giannini Curl Jelly Wash, Vegan, Cruelty Free, & Sulfate Free Shampoo for Curly or Wavy Hair, 250ml",($1.47/Fl Oz),5.0 out of 5 stars|5.0 out of 5 stars|4.7 out of 5 stars|4.7 out of 5 stars|4.7 out of 5 stars|4.6 out of 5 stars,"3|2|416|109|292|1,968",$9.99,"Small Business|Small Business|Small Business|<img alt="""" src=""https://m.media-amazon.com/images/I/111mHoVK0kL._SS200_.png"" height=""50px"" width=""50px""/>  Small Business|<img alt="""" src=""https://m.media-amazon.com/images/I/111mHoVK0kL._SS200_.png"" height=""50px"" width=""50px""/>  Small Business",,https://m.media-amazon.com/images/I/51Cu-LQUU5L._AC_UL320_.jpg|https://m.media-amazon.com/images/I/111mHoVK0kL._SS200_.png||https://m.media-amazon.com/images/I/71xv8evZOVL._AC_UL320_.jpg|https://m.media-amazon.com/images/I/613vNuEtCtL._AC_UL320_.jpg|https://m.media-amazon.com/images/I/61S8FfqT9cL._AC_UL320_.jpg|https://m.media-amazon.com/images/I/61JwN6o0vLL._AC_UL320_.jpg|https://m.media-amazon.com/images/I/31VRyWoTcaL._AC_UL320_.jpg
1607,https://www.amazon.com/Umberto-Giannini-Cruelty-Sulfate-Shampoo/dp/B07D1QSSKQ/ref=sxin_15?content-id=amzn1.sym.d7223ab3-d7ba-402d-901f-6bf4c3c8698f%3Aamzn1.sym.d7223ab3-d7ba-402d-901f-6bf4c3c8698f&crid=38PGDR6PZ4RYL&cv_ct_cx=shampoo&keywords=shampoo&pd_rd_i=B07D1QSSKQ&pd_rd_r=22a718cc-3d4a-4c43-9f10-ea4075a04f65&pd_rd_w=BeiRX&pd_rd_wg=mlXaD&pf_rd_p=d7223ab3-d7ba-402d-901f-6bf4c3c8698f&pf_rd_r=ADKT3SMSAF49EB4QT7BS&qid=1668802692&sprefix=shampoo%2Caps%2C79&sr=1-1-fe296e3f-866b-4d03-ac2f-5b8cc03edba3,"Umberto Giannini Curl Jelly Wash, Vegan, Cruelty Free, & Sulfate Free Shampoo for Curly or Wavy Hair, 250ml",($1.47/Fl Oz),5.0 out of 5 stars,3,$9.99,"Small Business|Small Business|Small Business|<img alt="""" src=""https://m.media-amazon.com/images/I/111mHoVK0kL._SS200_.png"" height=""50px"" width=""50px""/>  Small Business|<img alt="""" src=""https://m.media-amazon.com/images/I/111mHoVK0kL._SS200_.png"" height=""50px"" width=""50px""/>  Small Business",B07D1QSSKQ,https://m.media-amazon.com/images/I/51Cu-LQUU5L._AC_UL320_.jpg|https://m.media-amazon.com/images/I/111mHoVK0kL._SS200_.png|
1608,https://www.amazon.com/Marc-Anthony-Coconut-Shampoo-Blondes/dp/B0741FVXLG/ref=sxin_15?content-id=amzn1.sym.d7223ab3-d7ba-402d-901f-6bf4c3c8698f%3Aamzn1.sym.d7223ab3-d7ba-402d-901f-6bf4c3c8698f&crid=38PGDR6PZ4RYL&cv_ct_cx=shampoo&keywords=shampoo&pd_rd_i=B0741FVXLG&pd_rd_r=22a718cc-3d4a-4c43-9f10-ea4075a04f65&pd_rd_w=BeiRX&pd_rd_wg=mlXaD&pf_rd_p=d7223ab3-d7ba-402d-901f-6bf4c3c8698f&pf_rd_r=ADKT3SMSAF49EB4QT7BS&qid=1668802692&sprefix=shampoo%2Caps%2C79&sr=1-2-fe296e3f-866b-4d03-ac2f-5b8cc03edba3,Marc Anthony Coconut Butter Shampoo Blondes 8.4 Ounce (250ml) (3 Pack),($2.33/Count),5.0 out of 5 stars,2,$6.99,,B0741FVXLG,https://m.media-amazon.com/images/I/71xv8evZOVL._AC_UL320_.jpg
1609,https://www.amazon.com/Lola-Shampoo-Hidratacao-Collection-Moisturizing/dp/B07Y3JLX19/ref=sxin_15?content-id=amzn1.sym.d7223ab3-d7ba-402d-901f-6bf4c3c8698f%3Aamzn1.sym.d7223ab3-d7ba-402d-901f-6bf4c3c8698f&crid=38PGDR6PZ4RYL&cv_ct_cx=shampoo&keywords=shampoo&pd_rd_i=B07Y3JLX19&pd_rd_r=22a718cc-3d4a-4c43-9f10-ea4075a04f65&pd_rd_w=BeiRX&pd_rd_wg=mlXaD&pf_rd_p=d7223ab3-d7ba-402d-901f-6bf4c3c8698f&pf_rd_r=ADKT3SMSAF49EB4QT7BS&qid=1668802692&sprefix=shampoo%2Caps%2C79&sr=1-3-fe296e3f-866b-4d03-ac2f-5b8cc03edba3,Lola Brasil - Linha Be(M)dita Ghee - Shampoo de Hidratacao Banana e Aloe e Vera 250 Ml - (Be(M)dita Ghee Collection - Banana & Aloe Vera Moisturizing Shampoo 8.45 Fl Oz),($2.01/Fl Oz),4.7 out of 5 stars,416,$16.99,,B07Y3JLX19,https://m.media-amazon.com/images/I/613vNuEtCtL._AC_UL320_.jpg
1610,https://www.amazon.com/TIGI-Recovery-Moisturizing-Shampoo-13-53/dp/B08R4SDKTD/ref=sxin_15?content-id=amzn1.sym.d7223ab3-d7ba-402d-901f-6bf4c3c8698f%3Aamzn1.sym.d7223ab3-d7ba-402d-901f-6bf4c3c8698f&crid=38PGDR6PZ4RYL&cv_ct_cx=shampoo&keywords=shampoo&pd_rd_i=B08R4SDKTD&pd_rd_r=22a718cc-3d4a-4c43-9f10-ea4075a04f65&pd_rd_w=BeiRX&pd_rd_wg=mlXaD&pf_rd_p=d7223ab3-d7ba-402d-901f-6bf4c3c8698f&pf_rd_r=ADKT3SMSAF49EB4QT7BS&qid=1668802692&sprefix=shampoo%2Caps%2C79&sr=1-4-fe296e3f-866b-4d03-ac2f-5b8cc03edba3,Bed Head by TIGI Recovery Moisturizing Shampoo for Dry Hair 13.53 fl oz,13.53 Fl Oz (Pack of 1),4.7 out of 5 stars,109,$9.50,,B08R4SDKTD,https://m.media-amazon.com/images/I/61S8FfqT9cL._AC_UL320_.jpg
1611,https://www.amazon.com/Lola-Reconstrucao-Queratina-Collection-Reconstruction/dp/B07Y3JYWB1/ref=sxin_15?content-id=amzn1.sym.d7223ab3-d7ba-402d-901f-6bf4c3c8698f%3Aamzn1.sym.d7223ab3-d7ba-402d-901f-6bf4c3c8698f&crid=38PGDR6PZ4RYL&cv_ct_cx=shampoo&keywords=shampoo&pd_rd_i=B07Y3JYWB1&pd_rd_r=22a718cc-3d4a-4c43-9f10-ea4075a04f65&pd_rd_w=BeiRX&pd_rd_wg=mlXaD&pf_rd_p=d7223ab3-d7ba-402d-901f-6bf4c3c8698f&pf_rd_r=ADKT3SMSAF49EB4QT7BS&qid=1668802692&sprefix=shampoo%2Caps%2C79&sr=1-5-fe296e3f-866b-4d03-ac2f-5b8cc03edba3,Lola Brasil - Linha Be(M)dita Ghee - Shampoo de Reconstrucao Papaya e Queratina Vegetal 250 Ml - (Be(M)dita Ghee Collection - Papaya And Vegetable Keratin Reconstruction Shampoo 8.45 Fl Oz),($2.01/Fl Oz),4.7 out of 5 stars,292,$16.99,,B07Y3JYWB1,https://m.media-amazon.com/images/I/61JwN6o0vLL._AC_UL320_.jpg
1612,https://www.amazon.com/GKhair-Moisturizing-Shampoo-Protection-100ml-tube/dp/B01DWVSLRC/ref=sxin_15?content-id=amzn1.sym.d7223ab3-d7ba-402d-901f-6bf4c3c8698f%3Aamzn1.sym.d7223ab3-d7ba-402d-901f-6bf4c3c8698f&crid=38PGDR6PZ4RYL&cv_ct_cx=shampoo&keywords=shampoo&pd_rd_i=B01DWVSLRC&pd_rd_r=22a718cc-3d4a-4c43-9f10-ea4075a04f65&pd_rd_w=BeiRX&pd_rd_wg=mlXaD&pf_rd_p=d7223ab3-d7ba-402d-901f-6bf4c3c8698f&pf_rd_r=ADKT3SMSAF49EB4QT7BS&qid=1668802692&sprefix=shampoo%2Caps%2C79&sr=1-6-fe296e3f-866b-4d03-ac2f-5b8cc03edba3,GK HAIR Global Keratin Moisturizing Shampoo (3.4 Fl Oz/100ml) for Hydrating Color Protection Dry Damage Curly Frizzy Thinning Color Treated Hair Repair Organic Paraben Sulfate Free All Hair Types,3.4 Fl Oz (Pack of 1),4.6 out of 5 stars,"1,968",$6.00,,B01DWVSLRC,https://m.media-amazon.com/images/I/31VRyWoTcaL._AC_UL320_.jpg
1613,https://www.amazon.com/Pureology-Hydrate-Moisturizing-Shampoo-Ounces/dp/B0891843GC/ref=sxin_16_slmt_fabric_query_aware_gg_beauty?content-id=amzn1.sym.455f48f6-6089-4c39-8af1-4593b3766b3c%3Aamzn1.sym.455f48f6-6089-4c39-8af1-4593b3766b3c&crid=38PGDR6PZ4RYL&cv_ct_cx=shampoo&keywords=shampoo&pd_rd_i=B0891843GC&pd_rd_r=22a718cc-3d4a-4c43-9f10-ea4075a04f65&pd_rd_w=ruKkY&pd_rd_wg=mlXaD&pf_rd_p=455f48f6-6089-4c39-8af1-4593b3766b3c&pf_rd_r=ADKT3SMSAF49EB4QT7BS&qid=1668802692&sprefix=shampoo%2Caps%2C79&sr=1-1-0d6ca3d5-bd83-4d8e-b232-aa08677b2d9c,"Pureology Hydrate Moisturizing Shampoo | For Medium to Thick Dry, Color Treated Hair | Sulfate-Free | Vegan",9 Fl Oz (Pack of 1),4.7 out of 5 stars|4.7 out of 5 stars|4.7 out of 5 stars|4.7 out of 5 stars|4.7 out of 5 stars|4.3 out of 5 stars|4.5 out of 5 stars|4.6 out of 5 stars,"13,816|10,832|4,689|2,717|2,569|1,377|291|1,135",$35.00,"Climate Pledge Friendly|Climate Pledge Friendly|Climate Pledge Friendly|<img alt="""" src=""https://m.media-amazon.com/images/I/216-OX9rBaL._SS200_.png"" height=""50px"" width=""50px""/>  Climate Pledge Friendly|<img alt="""" src=""https://m.media-amazon.com/images/I/216-OX9rBaL._SS200_.png"" height=""50px"" width=""50px""/>  Climate Pledge Friendly|<img alt="""" src=""https://m.media-amazon.com/images/I/41J16pJqXZL._SS200_.jpg"" height=""50px"" width=""50px""/> Cradle to Cradle Certified|Climate Pledge Friendly|Climate Pledge Friendly|Climate Pledge Friendly|<img alt="""" src=""https://m.media-amazon.com/images/I/216-OX9rBaL._SS200_.png"" height=""50px"" width=""50px""/>  Climate Pledge Friendly|<img alt="""" src=""https://m.media-amazon.com/images/I/216-OX9rBaL._SS200_.png"" height=""50px"" width=""50px""/>  Climate Pledge Friendly|<img alt="""" src=""https://m.media-amazon.com/images/I/41Y2L-DZWfL._SS200_.png"" height=""50px"" width=""50px""/> Compact by Design (Certified by Amazon)",,https://m.media-amazon.com/images/I/61ekYn-6cbL._AC_UL320_.jpg|https://m.media-amazon.com/images/I/216-OX9rBaL._SS200_.png|||https://m.media-amazon.com/images/I/51Gc7XGkKsL._AC_UL320_.jpg|https://m.media-amazon.com/images/I/61q73C22wbS._AC_UL320_.jpg|https://m.media-amazon.com/images/I/31e9SI1vBkL._AC_UL320_.jpg|https://m.media-amazon.com/images/I/51Jfn-Ws00L._AC_UL320_.jpg|https://m.media-amazon.com/images/I/81uzjOumBkS._AC_UL320_.jpg|https://m.media-amazon.com/images/I/216-OX9rBaL._SS200_.png|||https://m.media-amazon.com/images/I/71BkHS-0wQL._AC_UL320_.jpg|https://m.media-amazon.com/images/I/61DhtU-id5S._AC_UL320_.jpg
1614,https://www.amazon.com/Pureology-Hydrate-Moisturizing-Shampoo-Ounces/dp/B0891843GC/ref=sxin_16_slmt_fabric_query_aware_gg_beauty?content-id=amzn1.sym.455f48f6-6089-4c39-8af1-4593b3766b3c%3Aamzn1.sym.455f48f6-6089-4c39-8af1-4593b3766b3c&crid=38PGDR6PZ4RYL&cv_ct_cx=shampoo&keywords=shampoo&pd_rd_i=B0891843GC&pd_rd_r=22a718cc-3d4a-4c43-9f10-ea4075a04f65&pd_rd_w=ruKkY&pd_rd_wg=mlXaD&pf_rd_p=455f48f6-6089-4c39-8af1-4593b3766b3c&pf_rd_r=ADKT3SMSAF49EB4QT7BS&qid=1668802692&sprefix=shampoo%2Caps%2C79&sr=1-1-0d6ca3d5-bd83-4d8e-b232-aa08677b2d9c,"Pureology Hydrate Moisturizing Shampoo | For Medium to Thick Dry, Color Treated Hair | Sulfate-Free | Vegan",9 Fl Oz (Pack of 1),4.7 out of 5 stars,"13,816",$35.00,"Climate Pledge Friendly|Climate Pledge Friendly|Climate Pledge Friendly|<img alt="""" src=""https://m.media-amazon.com/images/I/216-OX9rBaL._SS200_.png"" height=""50px"" width=""50px""/>  Climate Pledge Friendly|<img alt="""" src=""https://m.media-amazon.com/images/I/216-OX9rBaL._SS200_.png"" height=""50px"" width=""50px""/>  Climate Pledge Friendly|<img alt="""" src=""https://m.media-amazon.com/images/I/41J16pJqXZL._SS200_.jpg"" height=""50px"" width=""50px""/> Cradle to Cradle Certified",B0891843GC,https://m.media-amazon.com/images/I/61ekYn-6cbL._AC_UL320_.jpg|https://m.media-amazon.com/images/I/216-OX9rBaL._SS200_.png||
1615,https://www.amazon.com/Tea-Tree-Lavender-Moisturizing-Shampoo/dp/B000W5K1E8/ref=sxin_16_slmt_fabric_query_aware_gg_beauty?content-id=amzn1.sym.455f48f6-6089-4c39-8af1-4593b3766b3c%3Aamzn1.sym.455f48f6-6089-4c39-8af1-4593b3766b3c&crid=38PGDR6PZ4RYL&cv_ct_cx=shampoo&keywords=shampoo&pd_rd_i=B000W5K1E8&pd_rd_r=22a718cc-3d4a-4c43-9f10-ea4075a04f65&pd_rd_w=ruKkY&pd_rd_wg=mlXaD&pf_rd_p=455f48f6-6089-4c39-8af1-4593b3766b3c&pf_rd_r=ADKT3SMSAF49EB4QT7BS&qid=1668802692&sprefix=shampoo%2Caps%2C79&sr=1-2-0d6ca3d5-bd83-4d8e-b232-aa08677b2d9c,Paul Mitchell Tea Tree Lavender Mint Moisturizing Shampoo,33.8 Fl Oz (Pack of 1),4.7 out of 5 stars,"10,832",$45.00,,B000W5K1E8,https://m.media-amazon.com/images/I/51Gc7XGkKsL._AC_UL320_.jpg
1616,https://www.amazon.com/Matrix-Total-Results-Sleek-Shampoo/dp/B01ACFFY6C/ref=sxin_16_slmt_fabric_query_aware_gg_beauty?content-id=amzn1.sym.455f48f6-6089-4c39-8af1-4593b3766b3c%3Aamzn1.sym.455f48f6-6089-4c39-8af1-4593b3766b3c&crid=38PGDR6PZ4RYL&cv_ct_cx=shampoo&keywords=shampoo&pd_rd_i=B01ACFFY6C&pd_rd_r=22a718cc-3d4a-4c43-9f10-ea4075a04f65&pd_rd_w=ruKkY&pd_rd_wg=mlXaD&pf_rd_p=455f48f6-6089-4c39-8af1-4593b3766b3c&pf_rd_r=ADKT3SMSAF49EB4QT7BS&qid=1668802692&sprefix=shampoo%2Caps%2C79&sr=1-3-0d6ca3d5-bd83-4d8e-b232-aa08677b2d9c,"MATRIX Total Results Mega Sleek Shampoo with Shea Butter, Controls Frizz & Smooths Unruly Hair",33.8 Fl Oz (Pack of 1),4.7 out of 5 stars,"4,689",$30.00,,B01ACFFY6C,https://m.media-amazon.com/images/I/61q73C22wbS._AC_UL320_.jpg
1617,https://www.amazon.com/Co-Television-Perfect-Hair-Shampoo/dp/B078H4HXSM/ref=sxin_16_slmt_fabric_query_aware_gg_beauty?content-id=amzn1.sym.455f48f6-6089-4c39-8af1-4593b3766b3c%3Aamzn1.sym.455f48f6-6089-4c39-8af1-4593b3766b3c&crid=38PGDR6PZ4RYL&cv_ct_cx=shampoo&keywords=shampoo&pd_rd_i=B078H4HXSM&pd_rd_r=22a718cc-3d4a-4c43-9f10-ea4075a04f65&pd_rd_w=ruKkY&pd_rd_wg=mlXaD&pf_rd_p=455f48f6-6089-4c39-8af1-4593b3766b3c&pf_rd_r=ADKT3SMSAF49EB4QT7BS&qid=1668802692&sprefix=shampoo%2Caps%2C79&sr=1-4-0d6ca3d5-bd83-4d8e-b232-aa08677b2d9c,"R+Co Television Perfect Hair Shampoo, 8.5 Fl Oz",8.5 Fl Oz,4.7 out of 5 stars,"2,717",$34.00,,B078H4HXSM,https://m.media-amazon.com/images/I/31e9SI1vBkL._AC_UL320_.jpg
1618,https://www.amazon.com/Redken-Brews-Daily-Shampoo-33-8/dp/B0792Q3ZH2/ref=sxin_16_slmt_fabric_query_aware_gg_beauty?content-id=amzn1.sym.455f48f6-6089-4c39-8af1-4593b3766b3c%3Aamzn1.sym.455f48f6-6089-4c39-8af1-4593b3766b3c&crid=38PGDR6PZ4RYL&cv_ct_cx=shampoo&keywords=shampoo&pd_rd_i=B0792Q3ZH2&pd_rd_r=22a718cc-3d4a-4c43-9f10-ea4075a04f65&pd_rd_w=ruKkY&pd_rd_wg=mlXaD&pf_rd_p=455f48f6-6089-4c39-8af1-4593b3766b3c&pf_rd_r=ADKT3SMSAF49EB4QT7BS&qid=1668802692&sprefix=shampoo%2Caps%2C79&sr=1-5-0d6ca3d5-bd83-4d8e-b232-aa08677b2d9c,"Redken Brews Daily Shampoo For Men, Lightweight Cleanser For All Hair Types",33.8 Fl Oz (Pack of 1),4.7 out of 5 stars,"2,569",$27.80,,B0792Q3ZH2,https://m.media-amazon.com/images/I/51Jfn-Ws00L._AC_UL320_.jpg
1619,https://www.amazon.com/Garnier-Treasures-Restoring-Preservatives-Sustainably/dp/B09424YQJR/ref=sxin_16_slmt_fabric_query_aware_gg_beauty?content-id=amzn1.sym.455f48f6-6089-4c39-8af1-4593b3766b3c%3Aamzn1.sym.455f48f6-6089-4c39-8af1-4593b3766b3c&crid=38PGDR6PZ4RYL&cv_ct_cx=shampoo&keywords=shampoo&pd_rd_i=B09424YQJR&pd_rd_r=22a718cc-3d4a-4c43-9f10-ea4075a04f65&pd_rd_w=ruKkY&pd_rd_wg=mlXaD&pf_rd_p=455f48f6-6089-4c39-8af1-4593b3766b3c&pf_rd_r=ADKT3SMSAF49EB4QT7BS&qid=1668802692&sprefix=shampoo%2Caps%2C79&sr=1-6-0d6ca3d5-bd83-4d8e-b232-aa08677b2d9c,"Garnier Whole Blends Honey Treasures Restoring Shampoo Bar for Dry, Damaged Hair, Zero Plastic Packaging, Free of Preservatives, Silicones, Soap, & Dyes, with Sustainably Sourced Honey & Beeswax, 2 Oz",2 Ounce (Pack of 1),4.3 out of 5 stars,"1,377",$7.99,"Climate Pledge Friendly|Climate Pledge Friendly|Climate Pledge Friendly|<img alt="""" src=""https://m.media-amazon.com/images/I/216-OX9rBaL._SS200_.png"" height=""50px"" width=""50px""/>  Climate Pledge Friendly|<img alt="""" src=""https://m.media-amazon.com/images/I/216-OX9rBaL._SS200_.png"" height=""50px"" width=""50px""/>  Climate Pledge Friendly|<img alt="""" src=""https://m.media-amazon.com/images/I/41Y2L-DZWfL._SS200_.png"" height=""50px"" width=""50px""/> Compact by Design (Certified by Amazon)",B09424YQJR,https://m.media-amazon.com/images/I/81uzjOumBkS._AC_UL320_.jpg|https://m.media-amazon.com/images/I/216-OX9rBaL._SS200_.png||
1620,https://www.amazon.com/Maui-Moisture-Conditioner-Moisturizing-Paraben-Free/dp/B09PJ3BNSG/ref=sxin_16_slmt_fabric_query_aware_gg_beauty?content-id=amzn1.sym.455f48f6-6089-4c39-8af1-4593b3766b3c%3Aamzn1.sym.455f48f6-6089-4c39-8af1-4593b3766b3c&crid=38PGDR6PZ4RYL&cv_ct_cx=shampoo&keywords=shampoo&pd_rd_i=B09PJ3BNSG&pd_rd_r=22a718cc-3d4a-4c43-9f10-ea4075a04f65&pd_rd_w=ruKkY&pd_rd_wg=mlXaD&pf_rd_p=455f48f6-6089-4c39-8af1-4593b3766b3c&pf_rd_r=ADKT3SMSAF49EB4QT7BS&qid=1668802692&sprefix=shampoo%2Caps%2C79&sr=1-7-0d6ca3d5-bd83-4d8e-b232-aa08677b2d9c,"Maui Moisture Nourish & Moisture + Coconut Milk Shampoo + Conditioner to Hydrate and Detangle Curly Hair, Lightweight Daily Moisturizing Shampoo, Vegan, Silicone & Paraben-Free, 13 Fl Oz",13 Fl Oz (Pack of 2),4.5 out of 5 stars,291,$17.98,,B09PJ3BNSG,https://m.media-amazon.com/images/I/71BkHS-0wQL._AC_UL320_.jpg
1621,https://www.amazon.com/Redken-Brews-Shampoo-10-1-fl/dp/B0792HNGKR/ref=sxin_16_slmt_fabric_query_aware_gg_beauty?content-id=amzn1.sym.455f48f6-6089-4c39-8af1-4593b3766b3c%3Aamzn1.sym.455f48f6-6089-4c39-8af1-4593b3766b3c&crid=38PGDR6PZ4RYL&cv_ct_cx=shampoo&keywords=shampoo&pd_rd_i=B0792HNGKR&pd_rd_r=22a718cc-3d4a-4c43-9f10-ea4075a04f65&pd_rd_w=ruKkY&pd_rd_wg=mlXaD&pf_rd_p=455f48f6-6089-4c39-8af1-4593b3766b3c&pf_rd_r=ADKT3SMSAF49EB4QT7BS&qid=1668802692&sprefix=shampoo%2Caps%2C79&sr=1-8-0d6ca3d5-bd83-4d8e-b232-aa08677b2d9c,"Redken Brews 3-IN-1 Shampoo For Men, Shampoo, Conditioner And Body Wash",10.1 Fl Oz (Pack of 1),4.6 out of 5 stars,"1,135",$18.00,,B0792HNGKR,https://m.media-amazon.com/images/I/61DhtU-id5S._AC_UL320_.jpg
1623,https://www.amazon.com/Garnier-Fructis-Grow-Strong-Shampoo/dp/B074VLGVJ3/ref=sr_1_8?crid=38PGDR6PZ4RYL&keywords=shampoo&qid=1668802692&sprefix=shampoo%2Caps%2C79&sr=8-8,"Garnier Fructis Grow Strong Shampoo, 33.8 Ounces",33.8 Fl Oz (Pack of 1),4.7 out of 5 stars,"10,600",$7.97,"FREE delivery Fri, Nov 25 on $25 of items shipped by AmazonOr fastest delivery Mon, Nov 21||Climate Pledge Friendly|Climate Pledge Friendly|Climate Pledge Friendly|<img alt="""" src=""https://m.media-amazon.com/images/I/216-OX9rBaL._SS200_.png"" height=""50px"" width=""50px""/>  Climate Pledge Friendly|<img alt="""" src=""https://m.media-amazon.com/images/I/216-OX9rBaL._SS200_.png"" height=""50px"" width=""50px""/>  Climate Pledge Friendly|<img alt="""" src=""https://m.media-amazon.com/images/I/41J16pJqXZL._SS200_.jpg"" height=""50px"" width=""50px""/> Cradle to Cradle Certified",B074VLGVJ3,https://m.media-amazon.com/images/I/61ZEwB-+2-L._AC_UL320_.jpg|https://m.media-amazon.com/images/I/216-OX9rBaL._SS200_.png||
1624,https://www.amazon.com/Tea-Tree-Special-Shampoo-10-14/dp/B003E1CYHO/ref=sr_1_9?crid=38PGDR6PZ4RYL&keywords=shampoo&qid=1668802692&sprefix=shampoo%2Caps%2C79&sr=8-9,"Tea Tree Special Shampoo, Deep Cleans, Refreshes Scalp, For All Hair Types, Especially Oily Hair",10.14 Fl Oz (Pack of 1),4.7 out of 5 stars,"46,621",$12.38,FREE delivery on $25 shipped by Amazon.,B003E1CYHO,https://m.media-amazon.com/images/I/61W4d8ckCiL._AC_UL320_.jpg
1625,https://www.amazon.com/Aveeno-Sulfate-Free-Peppermint-Clarifying-Paraben-Free/dp/B07HMK15G9/ref=sr_1_10?crid=38PGDR6PZ4RYL&keywords=shampoo&qid=1668802692&sprefix=shampoo%2Caps%2C79&sr=8-10,"Aveeno, Fresh Greens Blend Sulfate-Free Shampoo with Rosemary, Peppermint & Cucumber to Thicken & Nourish, Clarifying & Volumizing Shampoo for Thin or Fine Hair, Paraben-Free, 12oz",12 Fl Oz (Pack of 1),4.5 out of 5 stars,"5,310",$6.99,"FREE delivery Fri, Nov 25 on $25 of items shipped by Amazon|",B07HMK15G9,https://m.media-amazon.com/images/I/715lQsfc1XL._AC_UL320_.jpg
1626,https://www.amazon.com/Olaplex-No-4-Bond-Maintenance-Shampoo/dp/B07D37PQGL/ref=sr_1_11?crid=38PGDR6PZ4RYL&keywords=shampoo&qid=1668802692&sprefix=shampoo%2Caps%2C79&sr=8-11,"Olaplex No.4 Bond Maintenance Shampoo, 8.5 Fl Oz",8.5 Fl Oz (Pack of 1),4.7 out of 5 stars,"57,462",$30.00,"FREE delivery Fri, Nov 25 Or fastest delivery Mon, Nov 21|",B07D37PQGL,https://m.media-amazon.com/images/I/51tMWvj8V7L._AC_UL320_.jpg
1627,https://www.amazon.com/OGX-Moisturizing-Paraben-Free-Sulfate-Free-Surfactants/dp/B000TGEJT8/ref=sr_1_12?crid=38PGDR6PZ4RYL&keywords=shampoo&qid=1668802692&sprefix=shampoo%2Caps%2C79&sr=8-12,"OGX Nourishing + Coconut Milk Moisturizing Shampoo for Strong & Healthy Hair, with Coconut Milk, Coconut Oil & Egg White Protein, Paraben-Free, Sulfate-Free Surfactants, 13 fl oz",13 Fl Oz (Pack of 1),4.6 out of 5 stars,"12,852",$6.48,"FREE delivery Fri, Nov 25 on $25 of items shipped by AmazonOr fastest delivery Mon, Nov 21|",B000TGEJT8,https://m.media-amazon.com/images/I/612WR1n4WjL._AC_UL320_.jpg
1628,https://www.amazon.com/BIOLAGE-Volumebloom-Shampoo-Fine-Hair/dp/B00IW2AYN6/ref=sr_1_13?crid=38PGDR6PZ4RYL&keywords=shampoo&qid=1668802692&sprefix=shampoo%2Caps%2C79&sr=8-13,BIOLAGE Volume Bloom Shampoo | Lightweight Volume & Shine | For Fine Hair | Paraben & Silicone-Free | Vegan,33.8 Fl Oz,4.7 out of 5 stars,"10,464",$27.20,"FREE delivery Fri, Nov 25 Or fastest delivery Tue, Nov 22|",B00IW2AYN6,https://m.media-amazon.com/images/I/51KvTtQGc0L._AC_UL320_.jpg
1629,https://www.amazon.com/Aveeno-Sulfate-Free-Peppermint-Clarifying-Paraben-Free/dp/B07HMK15G9/ref=sxin_24_ac_d_hl?ac_md=1-0-T3ZlcmFsbCBDaG9pY2U%3D-ac_d_hl_hl_ac&content-id=amzn1.sym.3663916c-38f6-4d73-9801-2e9551111db6%3Aamzn1.sym.3663916c-38f6-4d73-9801-2e9551111db6&crid=38PGDR6PZ4RYL&cv_ct_cx=shampoo&keywords=shampoo&pd_rd_i=B07HMK15G9&pd_rd_r=22a718cc-3d4a-4c43-9f10-ea4075a04f65&pd_rd_w=9jHZz&pd_rd_wg=mlXaD&pf_rd_p=3663916c-38f6-4d73-9801-2e9551111db6&pf_rd_r=ADKT3SMSAF49EB4QT7BS&psc=1&qid=1668802692&sprefix=shampoo%2Caps%2C79&sr=1-1-25fd44b4-555a-4528-b40c-891e95133f20,"Aveeno, Fresh Greens Blend Sulfate-Free Shampoo with Rosemary, Peppermint & Cucumber to Thicken & Nourish, Clarifying & Volumizing Shampoo for Thin or Fine Hair, Paraben-Free, 12oz",Highly rated and well-priced,4.5 out of 5 stars|4.5 out of 5 stars|4.5 out of 5 stars|4.2 out of 5 stars|4.5 out of 5 stars,"5,310|16,631|5,330|616|198",$6.99,"Climate Pledge Friendly|Climate Pledge Friendly|Climate Pledge Friendly|<img alt="""" src=""https://m.media-amazon.com/images/I/216-OX9rBaL._SS200_.png"" height=""50px"" width=""50px""/>  Climate Pledge Friendly|<img alt="""" src=""https://m.media-amazon.com/images/I/216-OX9rBaL._SS200_.png"" height=""50px"" width=""50px""/>  Climate Pledge Friendly|<img alt="""" src=""https://m.media-amazon.com/images/I/41J16pJqXZL._SS200_.jpg"" height=""50px"" width=""50px""/> Cradle to Cradle Certified|Small Business|Small Business|Small Business|<img alt="""" src=""https://m.media-amazon.com/images/I/111mHoVK0kL._SS200_.png"" height=""50px"" width=""50px""/>  Small Business|<img alt="""" src=""https://m.media-amazon.com/images/I/111mHoVK0kL._SS200_.png"" height=""50px"" width=""50px""/>  Small Business",,https://m.media-amazon.com/images/I/715lQsfc1XL._AC_UL320_.jpg|https://m.media-amazon.com/images/I/71Y7wPZ5eUL._AC_UL320_.jpg|https://m.media-amazon.com/images/I/216-OX9rBaL._SS200_.png|||https://m.media-amazon.com/images/I/61wSZWP5bpL._AC_UL320_.jpg|https://m.media-amazon.com/images/I/71bsa7-2vPS._AC_UL320_.jpg|https://m.media-amazon.com/images/I/61ZeVscdViL._AC_UL320_.jpg|https://m.media-amazon.com/images/I/111mHoVK0kL._SS200_.png|
1630,https://www.amazon.com/Amazon-Basics-Dandruff-Conditioner-Balanced/dp/B09HHBNR4G/ref=sxin_25_trfobq2a_0_B09HHBNR4G?content-id=amzn1.sym.2500a036-1c45-42a8-89a2-72bf8896ce48%3Aamzn1.sym.2500a036-1c45-42a8-89a2-72bf8896ce48&crid=38PGDR6PZ4RYL&cv_ct_cx=shampoo&keywords=shampoo&pd_rd_i=B09HHBNR4G&pd_rd_r=22a718cc-3d4a-4c43-9f10-ea4075a04f65&pd_rd_w=ufjy1&pd_rd_wg=mlXaD&pf_rd_p=2500a036-1c45-42a8-89a2-72bf8896ce48&pf_rd_r=ADKT3SMSAF49EB4QT7BS&qid=1668802692&sprefix=shampoo%2Caps%2C79&sr=1-1-c944532c-3909-4a2a-84a2-570d2ee3cd13,"Amazon Basics 2-in-1 Dandruff Shampoo & Conditioner, Gentle and pH Balanced, 14.2 Fluid Ounces, 1-Pack (Previously Solimo)",Amazon’s private and select exclusive brands,4.5 out of 5 stars|4.2 out of 5 stars|4.5 out of 5 stars,"4,953|16|802",$6.25,,,https://m.media-amazon.com/images/I/61BGQPcrPHL._AC_UL320_.jpg|https://m.media-amazon.com/images/I/613W19SZ-fS._AC_UL320_.jpg|https://m.media-amazon.com/images/I/615HP3F5u6L._AC_UL320_.jpg
1631,https://www.amazon.com/Amazon-Basics-Dandruff-Conditioner-Balanced/dp/B09HHBNR4G/ref=sxin_25_trfobq2a_0_B09HHBNR4G?content-id=amzn1.sym.2500a036-1c45-42a8-89a2-72bf8896ce48%3Aamzn1.sym.2500a036-1c45-42a8-89a2-72bf8896ce48&crid=38PGDR6PZ4RYL&cv_ct_cx=shampoo&keywords=shampoo&pd_rd_i=B09HHBNR4G&pd_rd_r=22a718cc-3d4a-4c43-9f10-ea4075a04f65&pd_rd_w=ufjy1&pd_rd_wg=mlXaD&pf_rd_p=2500a036-1c45-42a8-89a2-72bf8896ce48&pf_rd_r=ADKT3SMSAF49EB4QT7BS&qid=1668802692&sprefix=shampoo%2Caps%2C79&sr=1-1-c944532c-3909-4a2a-84a2-570d2ee3cd13,"Amazon Basics 2-in-1 Dandruff Shampoo & Conditioner, Gentle and pH Balanced, 14.2 Fluid Ounces, 1-Pack (Previously Solimo)",14.2 Fl Oz (Pack of 1),4.5 out of 5 stars,"4,953",$6.25,,B09HHBNR4G,https://m.media-amazon.com/images/I/61BGQPcrPHL._AC_UL320_.jpg
1632,https://www.amazon.com/Epic-Chimp-Hemp-Neem-Shampoo/dp/B095J6HFL7/ref=sxin_25_trfobq2a_1_B095J6HFL7?content-id=amzn1.sym.2500a036-1c45-42a8-89a2-72bf8896ce48%3Aamzn1.sym.2500a036-1c45-42a8-89a2-72bf8896ce48&crid=38PGDR6PZ4RYL&cv_ct_cx=shampoo&keywords=shampoo&pd_rd_i=B095J6HFL7&pd_rd_r=22a718cc-3d4a-4c43-9f10-ea4075a04f65&pd_rd_w=ufjy1&pd_rd_wg=mlXaD&pf_rd_p=2500a036-1c45-42a8-89a2-72bf8896ce48&pf_rd_r=ADKT3SMSAF49EB4QT7BS&qid=1668802692&sprefix=shampoo%2Caps%2C79&sr=1-2-c944532c-3909-4a2a-84a2-570d2ee3cd13,"Epic Chimp Hemp & Neem Pet Shampoo & Conditioner - Soothing, Cleansing, Refreshing",,4.2 out of 5 stars,16,$17.99,,B095J6HFL7,https://m.media-amazon.com/images/I/613W19SZ-fS._AC_UL320_.jpg
1633,https://www.amazon.com/Jungle-Pet-Soothing-Moisturizing-Nourishing/dp/B07KRVBQ9Z/ref=sxin_25_trfobq2a_3_B07KRVBQ9Z?content-id=amzn1.sym.2500a036-1c45-42a8-89a2-72bf8896ce48%3Aamzn1.sym.2500a036-1c45-42a8-89a2-72bf8896ce48&crid=38PGDR6PZ4RYL&cv_ct_cx=shampoo&keywords=shampoo&pd_rd_i=B07KRVBQ9Z&pd_rd_r=22a718cc-3d4a-4c43-9f10-ea4075a04f65&pd_rd_w=ufjy1&pd_rd_wg=mlXaD&pf_rd_p=2500a036-1c45-42a8-89a2-72bf8896ce48&pf_rd_r=ADKT3SMSAF49EB4QT7BS&qid=1668802692&sprefix=shampoo%2Caps%2C79&sr=1-3-c944532c-3909-4a2a-84a2-570d2ee3cd13,Jungle Pet Aloe Oatmeal Shampoo for Dogs - Sensitive Skin Dog Shampoo Oatmeal - Natural Dog Shampoo Sensitive Skin - Hypoallergenic Pina Colada Dog Oatmeal Shampoo,Save more with Subscribe & Save,4.5 out of 5 stars,802,$12.68,,B07KRVBQ9Z,https://m.media-amazon.com/images/I/615HP3F5u6L._AC_UL320_.jpg
1635,https://www.amazon.com/OGX-Renewing-Strengthens-Sulfate-Free-Surfactants/dp/B008J2GP9G/ref=sr_1_14?crid=38PGDR6PZ4RYL&keywords=shampoo&qid=1668802692&sprefix=shampoo%2Caps%2C79&sr=8-14,"OGX Renewing + Argan Oil of Morocco Hydrating Hair Shampoo, Cold-Pressed Argan Oil to Help Moisturize, Soften & Strengthen Hair, Paraben-Free with Sulfate-Free Surfactants, 25.4 fl oz",25.4 Fl Oz (Pack of 1),4.6 out of 5 stars,"7,169",$8.71,"FREE delivery Fri, Nov 25 on $25 of items shipped by AmazonOr fastest delivery Mon, Nov 21|",B008J2GP9G,https://m.media-amazon.com/images/I/711KwkGS6BL._AC_UL320_.jpg
1636,https://www.amazon.com/Herbal-Essences-Rose-smooth-shampoo/dp/B084LHNR57/ref=sr_1_15?crid=38PGDR6PZ4RYL&keywords=shampoo&qid=1668802692&sprefix=shampoo%2Caps%2C79&sr=8-15,"Herbal Essences Rose hips smooth shampoo, 29.2 fl oz, 29.2 Fl Oz",29.2 Fl Oz (Pack of 1),4.7 out of 5 stars,"2,432",$9.97,"FREE delivery Fri, Nov 25 on $25 of items shipped by AmazonOr fastest delivery Sun, Nov 20|",B084LHNR57,https://m.media-amazon.com/images/I/81CCyz1CSQL._AC_UL320_.jpg
1637,https://www.amazon.com/Nizoral-Anti-dandruff-Shampoo-Twinpack-20053076192630/dp/B086CS8YXB/ref=sr_1_16?crid=38PGDR6PZ4RYL&keywords=shampoo&qid=1668802692&sprefix=shampoo%2Caps%2C79&sr=8-16,"Nizoral Anti-dandruff Shampoo, Fresh, 7oz (2 pack)",7 Fl Oz (Pack of 2),4.7 out of 5 stars,"8,115",$27.57,"FREE delivery Fri, Nov 25 Or fastest delivery Sun, Nov 20|",B086CS8YXB,https://m.media-amazon.com/images/I/81SGfgDBHTL._AC_UL320_.jpg
1638,https://www.amazon.com/sspa/click?ie=UTF8&spc=MToxMzUzNTQwMzg4Nzc1MTkzOjE2Njg4MDI2OTI6c3BfbXRmOjIwMDA4MDA2MTU1MzI5ODo6MDo6&url=%2FLove-Beauty-Planet-Sulfate-Treatment%2Fdp%2FB086CNXQ4C%2Fref%3Dsr_1_17_sspa%3Fcrid%3D38PGDR6PZ4RYL%26keywords%3Dshampoo%26qid%3D1668802692%26sprefix%3Dshampoo%252Caps%252C79%26sr%3D8-17-spons%26sp_csd%3Dd2lkZ2V0TmFtZT1zcF9tdGY%26psc%3D1,"Love Beauty And Planet Hope & Hair Repair Sulfate- Free Shampoo for Split Ends & Dry Hair Coconut Oil & Ylang Ylang, Damaged Hair Treatment 32.3 Oz",Sponsored,4.4 out of 5 stars,"7,467",$16.72,FREE delivery on $25 shipped by Amazon.,B086CNXQ4C,https://m.media-amazon.com/images/I/715NsUhVCLL._AC_UL320_.jpg
1639,https://www.amazon.com/sspa/click?ie=UTF8&spc=MToxMzUzNTQwMzg4Nzc1MTkzOjE2Njg4MDI2OTI6c3BfbXRmOjIwMDA4MDA2MTU1MzM5ODo6MDo6&url=%2FLove-Beauty-Planet-Sulfate-Free-Multi-Benefit%2Fdp%2FB0934589WQ%2Fref%3Dsr_1_18_sspa%3Fcrid%3D38PGDR6PZ4RYL%26keywords%3Dshampoo%26qid%3D1668802692%26sprefix%3Dshampoo%252Caps%252C79%26sr%3D8-18-spons%26sp_csd%3Dd2lkZ2V0TmFtZT1zcF9tdGY%26psc%3D1,"Love Beauty And Planet Sulfate-Free Deep Cleanse, Hydrate, Strengthen, Volumize & Shine Vegan Biotin & Sun-Kissed Mandarin 5-in-1 Multi Benefit Nourishing Shampoo, 32.3 Fl Oz",Sponsored,4.5 out of 5 stars,"1,444",$14.99,"FREE delivery Fri, Nov 25 on $25 of items shipped by AmazonOr fastest delivery Sun, Nov 20|",B0934589WQ,https://m.media-amazon.com/images/I/71zuhS+k3FL._AC_UL320_.jpg
1640,https://www.amazon.com/sspa/click?ie=UTF8&spc=MToxMzUzNTQwMzg4Nzc1MTkzOjE2Njg4MDI2OTI6c3BfbXRmOjIwMDA3MDI5NzM4MzQ5ODo6MDo6&url=%2FMATRIX-Results-Shampoo-Controls-Smooths%2Fdp%2FB09C4BWK8J%2Fref%3Dsr_1_19_sspa%3Fcrid%3D38PGDR6PZ4RYL%26keywords%3Dshampoo%26qid%3D1668802692%26sprefix%3Dshampoo%252Caps%252C79%26sr%3D8-19-spons%26sp_csd%3Dd2lkZ2V0TmFtZT1zcF9tdGY%26psc%3D1,MATRIX Total Results Mega Sleek Shampoo | Controls Frizz & Smooths Hair with Shea Butter for Unruly Hair | 33.8 Fl. Oz.,Sponsored,4.7 out of 5 stars,123,$60.00,FREE delivery,B09C4BWK8J,https://m.media-amazon.com/images/I/718q4VUvYdL._AC_UL320_.jpg
1641,https://www.amazon.com/sspa/click?ie=UTF8&spc=MToxMzUzNTQwMzg4Nzc1MTkzOjE2Njg4MDI2OTI6c3BfbXRmOjIwMDAzNTU5NzkxMjA5ODo6MDo6&url=%2FNexxus-Keraphix-Shampoo-Damaged-Hair%2Fdp%2FB079RJ4Y7B%2Fref%3Dsr_1_20_sspa%3Fcrid%3D38PGDR6PZ4RYL%26keywords%3Dshampoo%26qid%3D1668802692%26sprefix%3Dshampoo%252Caps%252C79%26sr%3D8-20-spons%26sp_csd%3Dd2lkZ2V0TmFtZT1zcF9tdGY%26psc%3D1,"Nexxus Keraphix Shampoo for Damaged Hair With ProteinFusion Keratin Protein, Black Rice, Silicone-Free 33.8 oz",Sponsored,4.5 out of 5 stars,"7,845",$18.97,"FREE delivery Fri, Nov 25 on $25 of items shipped by AmazonOr fastest delivery Mon, Nov 21|",B079RJ4Y7B,https://m.media-amazon.com/images/I/71DXtCUtrIL._AC_UL320_.jpg
1642,https://www.amazon.com/Pharmaceutical-Specialties-Shampoo-Sensitive-fragrance/dp/B0006FMK98/ref=sr_1_21?crid=38PGDR6PZ4RYL&keywords=shampoo&qid=1668802692&sprefix=shampoo%2Caps%2C79&sr=8-21,"Vanicream, Shampoo for Sensitive Skin, Fragrance, Gluten and Sulfate Free - 12 fl Ounce",12 Fl Oz (Pack of 1),4.5 out of 5 stars,"9,577",$10.99,"FREE delivery Fri, Nov 25 on $25 of items shipped by AmazonOr fastest delivery Sun, Nov 20|",B0006FMK98,https://m.media-amazon.com/images/I/41K4R263mAL._AC_UL320_.jpg
1643,https://www.amazon.com/PURA-DOR-Anti-Thinning-Clinically-Ingredients/dp/B00FH692PQ/ref=sr_1_22?crid=38PGDR6PZ4RYL&keywords=shampoo&qid=1668802692&sprefix=shampoo%2Caps%2C79&sr=8-22,"PURA D'OR Original Gold Label Anti-Thinning Biotin Shampoo, CLINICALLY TESTED Proven Results, Herbal DHT Blocker Hair Thickening Products For Women & Men, Natural Shampoo For Color Treated Hair, 16oz",16 Fl Oz,4.3 out of 5 stars,"24,384",$29.99,"FREE delivery Fri, Nov 25 Or fastest delivery Mon, Nov 21|",B00FH692PQ,https://m.media-amazon.com/images/I/71cFWxqUicL._AC_UL320_.jpg
1644,https://www.amazon.com/Pantene-Pro-V-Classic-Shampoo-Packaging/dp/B003UI1XVO/ref=sr_1_23?crid=38PGDR6PZ4RYL&keywords=shampoo&qid=1668802692&sprefix=shampoo%2Caps%2C79&sr=8-23,"Pantene Pro-V Classic Clean Shampoo, 12.6 fl oz (Pack of 3) (Packaging May Vary)",12.6 Fl Oz (Pack of 3),4.3 out of 5 stars,69,$18.60,"FREE delivery Fri, Nov 25 on $25 of items shipped by AmazonOr fastest delivery Sun, Nov 20|",B003UI1XVO,https://m.media-amazon.com/images/I/71YjHEMvpKL._AC_UL320_.jpg
1645,https://www.amazon.com/Head-Shoulders-Classic-Daily-Use-Anti-Dandruff/dp/B07F38LXDM/ref=sr_1_24?crid=38PGDR6PZ4RYL&keywords=shampoo&qid=1668802692&sprefix=shampoo%2Caps%2C79&sr=8-24,"Head and Shoulders Shampoo, Anti Dandruff Treatment and Scalp Care, Classic Clean Scent, for All Hair Types including Color Treated, Curly or Textured Hair, 32.1 fl oz, Twin Pack",32.1 Fl Oz (Pack of 2),4.8 out of 5 stars,"10,820",$20.99,"FREE delivery Tue, Nov 29 on $25 of items shipped by Amazon|",B07F38LXDM,https://m.media-amazon.com/images/I/81IyZ-tjG-L._AC_UL320_.jpg
1646,https://www.amazon.com/Garnier-Fructis-Pure-Clean-Shampoo/dp/B01N97PCBH/ref=sr_1_25?crid=38PGDR6PZ4RYL&keywords=shampoo&qid=1668802692&sprefix=shampoo%2Caps%2C79&sr=8-25,"Garnier Fructis Pure Clean Shampoo, Paraben-Free Silicone-Free with Aloe Extract and Vitamin E, 12.5 Fl Oz Bottle",12.5 Fl Oz (Pack of 1),4.5 out of 5 stars,"16,631",$2.82,"FREE delivery Fri, Nov 25 on $25 of items shipped by AmazonOr fastest delivery Sun, Nov 20||Climate Pledge Friendly|Climate Pledge Friendly|Climate Pledge Friendly|<img alt="""" src=""https://m.media-amazon.com/images/I/216-OX9rBaL._SS200_.png"" height=""50px"" width=""50px""/>  Climate Pledge Friendly|<img alt="""" src=""https://m.media-amazon.com/images/I/216-OX9rBaL._SS200_.png"" height=""50px"" width=""50px""/>  Climate Pledge Friendly|<img alt="""" src=""https://m.media-amazon.com/images/I/41J16pJqXZL._SS200_.jpg"" height=""50px"" width=""50px""/> Cradle to Cradle Certified",B01N97PCBH,https://m.media-amazon.com/images/I/71Y7wPZ5eUL._AC_UL320_.jpg|https://m.media-amazon.com/images/I/216-OX9rBaL._SS200_.png||
1647,https://www.amazon.com/Aussie-Total-Miracle-Shampoo-Fluid/dp/B01M7R4XW0/ref=sr_1_26?crid=38PGDR6PZ4RYL&keywords=shampoo&qid=1668802692&sprefix=shampoo%2Caps%2C79&sr=8-26,"Aussie Total Miracle Shampoo, 30.4 Fluid Ounce, Pack of 4",30.4 Fl Oz (Pack of 4),4.8 out of 5 stars,"1,090",$27.71,"FREE delivery Fri, Nov 25 Or fastest delivery Sun, Nov 20|",B01M7R4XW0,https://m.media-amazon.com/images/I/718jBFRZwuL._AC_UL320_.jpg
1648,https://www.amazon.com/Moroccan-Oil-Hydrating-Shampoo-Ounce/dp/B0098QPV3I/ref=sr_1_27?crid=38PGDR6PZ4RYL&keywords=shampoo&qid=1668802692&sprefix=shampoo%2Caps%2C79&sr=8-27,Moroccanoil Hydrating Shampoo,8.5 Fl Oz (Pack of 1),4.6 out of 5 stars,"18,320",$26.00,"FREE delivery Fri, Nov 25 Or fastest delivery Tue, Nov 22|",B0098QPV3I,https://m.media-amazon.com/images/I/51Bfz8DpR0L._AC_UL320_.jpg
1649,https://www.amazon.com/Pantene-Shampoo-Treatment-Classic-Clean/dp/B09GTZMG61/ref=sr_1_28?crid=38PGDR6PZ4RYL&keywords=shampoo&qid=1668802692&sprefix=shampoo%2Caps%2C79&sr=8-28,"Pantene Shampoo Twin Pack with Hair Treatment, Classic Clean",3 Piece Set,4.7 out of 5 stars,"3,336",$17.99,"FREE delivery Fri, Nov 25 on $25 of items shipped by AmazonOr fastest delivery Tue, Nov 22|",B09GTZMG61,https://m.media-amazon.com/images/I/718z7AuKXcL._AC_UL320_.jpg
1650,https://www.amazon.com/Aveeno-Farm-Fresh-Sulfate-Free-Moisturizing-Color-Treated/dp/B07HMJTH7G/ref=sr_1_29?crid=38PGDR6PZ4RYL&keywords=shampoo&qid=1668802692&sprefix=shampoo%2Caps%2C79&sr=8-29,"Aveeno Farm-Fresh Oat Milk Sulfate-Free Shampoo with Colloidal Oatmeal & Almond Milk, Moisturizing Shampoo for All Hair Types, Safe for Color-Treated Hair, Paraben & Dye-Free, 12 Fl Oz",12 Fl Oz (Pack of 1),4.5 out of 5 stars,"5,383",$7.89,"FREE delivery Fri, Nov 25 on $25 of items shipped by AmazonOr fastest delivery Tue, Nov 22|",B07HMJTH7G,https://m.media-amazon.com/images/I/81X1qX01itL._AC_UL320_.jpg
1651,https://www.amazon.com/BIOLAGE-Hydrasource-Shampoo-Hair-33-8/dp/B00IK1CJZU/ref=sr_1_30?crid=38PGDR6PZ4RYL&keywords=shampoo&qid=1668802692&sprefix=shampoo%2Caps%2C79&sr=8-30,BIOLAGE Hydra Source Shampoo | Hydrates & Moisturizes Hair | For Dry Hair | Paraben & Silicone-Free | Vegan​,33.8 Fl Oz (Pack of 1),4.7 out of 5 stars,"15,520",$37.00,"FREE delivery Fri, Nov 25 Or fastest delivery Sun, Nov 20|",B00IK1CJZU,https://m.media-amazon.com/images/I/51IKk12dA8L._AC_UL320_.jpg
1652,https://www.amazon.com/Biotin-Anti-Hair-Loss-Shampoo/dp/B07K4S4J66/ref=sr_1_31?crid=38PGDR6PZ4RYL&keywords=shampoo&qid=1668802692&sprefix=shampoo%2Caps%2C79&sr=8-31,Biotin Shampoo and Conditioner Set for Hair Growth | Thickening Hair Loss Shampoo Treatment | Regrowth Shampoo & Conditioner for Dry Normal Oily & Color Treated Hair,2 Piece Set,4.3 out of 5 stars,"22,555",$26.99,"FREE delivery Fri, Nov 25 Or fastest delivery Sun, Nov 20|",B07K4S4J66,https://m.media-amazon.com/images/I/618wcosqY9L._AC_UL320_.jpg
1653,https://www.amazon.com/Pureology-Hydrate-Moisturizing-Shampoo-Ounces/dp/B0891843GC/ref=sr_1_32?crid=38PGDR6PZ4RYL&keywords=shampoo&qid=1668802692&sprefix=shampoo%2Caps%2C79&sr=8-32,"Pureology Hydrate Moisturizing Shampoo | For Medium to Thick Dry, Color Treated Hair | Sulfate-Free | Vegan",9 Fl Oz (Pack of 1),4.7 out of 5 stars,"13,816",$35.00,"FREE delivery Fri, Nov 25 Or fastest delivery Sun, Nov 20||Climate Pledge Friendly|Climate Pledge Friendly|Climate Pledge Friendly|<img alt="""" src=""https://m.media-amazon.com/images/I/216-OX9rBaL._SS200_.png"" height=""50px"" width=""50px""/>  Climate Pledge Friendly|<img alt="""" src=""https://m.media-amazon.com/images/I/216-OX9rBaL._SS200_.png"" height=""50px"" width=""50px""/>  Climate Pledge Friendly|<img alt="""" src=""https://m.media-amazon.com/images/I/41J16pJqXZL._SS200_.jpg"" height=""50px"" width=""50px""/> Cradle to Cradle Certified",B0891843GC,https://m.media-amazon.com/images/I/61ekYn-6cbL._AC_UL320_.jpg|https://m.media-amazon.com/images/I/216-OX9rBaL._SS200_.png||
1654,https://www.amazon.com/sspa/click?ie=UTF8&spc=MToxMzUzNTQwMzg4Nzc1MTkzOjE2Njg4MDI2OTI6c3BfbXRmOjIwMDA3MzI5MTY3NzMzMTo6MDo6&url=%2FMatrix-Total-Results-Sleek-Shampoo%2Fdp%2FB01ACFFY6C%2Fref%3Dsr_1_33_sspa%3Fcrid%3D38PGDR6PZ4RYL%26keywords%3Dshampoo%26qid%3D1668802692%26sprefix%3Dshampoo%252Caps%252C79%26sr%3D8-33-spons%26sp_csd%3Dd2lkZ2V0TmFtZT1zcF9tdGY%26psc%3D1,"MATRIX Total Results Mega Sleek Shampoo with Shea Butter, Controls Frizz & Smooths Unruly Hair",Sponsored,4.7 out of 5 stars,"4,689",$30.00,"FREE delivery Fri, Nov 25 Or fastest delivery Tue, Nov 22|",B01ACFFY6C,https://m.media-amazon.com/images/I/61q73C22wbS._AC_UL320_.jpg
1655,https://www.amazon.com/sspa/click?ie=UTF8&spc=MToxMzUzNTQwMzg4Nzc1MTkzOjE2Njg4MDI2OTI6c3BfbXRmOjIwMDA4MDA2MTU1MzA5ODo6MDo6&url=%2FLove-Beauty-Planet-Sulfate-Free-Silicone-free%2Fdp%2FB086CRQKYH%2Fref%3Dsr_1_34_sspa%3Fcrid%3D38PGDR6PZ4RYL%26keywords%3Dshampoo%26qid%3D1668802692%26sprefix%3Dshampoo%252Caps%252C79%26sr%3D8-34-spons%26sp_csd%3Dd2lkZ2V0TmFtZT1zcF9tdGY%26psc%3D1,"Love Beauty And Planet Blooming Color Sulfate, Paraben, Cruelty & Silicone Free Shampoo for Color Treated Hair Murumuru Butter & Rose, Vegan, 32.3 Fl Oz",Sponsored,4.5 out of 5 stars,"1,578",$15.46,"FREE delivery Fri, Nov 25 on $25 of items shipped by AmazonOr fastest delivery Mon, Nov 21|",B086CRQKYH,https://m.media-amazon.com/images/I/71jR-fBU3IL._AC_UL320_.jpg
1656,https://www.amazon.com/sspa/click?ie=UTF8&spc=MToxMzUzNTQwMzg4Nzc1MTkzOjE2Njg4MDI2OTI6c3BfbXRmOjIwMDA2MTMxMjIzNDU5ODo6MDo6&url=%2FTresemme-Shampoo-Purify-Replenish-Cleansing%2Fdp%2FB07FTGWYDY%2Fref%3Dsr_1_35_sspa%3Fcrid%3D38PGDR6PZ4RYL%26keywords%3Dshampoo%26qid%3D1668802692%26sprefix%3Dshampoo%252Caps%252C79%26sr%3D8-35-spons%26sp_csd%3Dd2lkZ2V0TmFtZT1zcF9tdGY%26psc%3D1,"TRESemmé Cleansing Shampoo for Daily Use, Clean and Replenish Vitamin C and Green Tea Clarifying Shampoo Formula, 28 Fl Oz (Pack of 6)",Sponsored,4.7 out of 5 stars,"6,427",$35.94,"FREE delivery Fri, Nov 25 Or fastest delivery Sun, Nov 20|",B07FTGWYDY,https://m.media-amazon.com/images/I/81K0sTZSyGL._AC_UL320_.jpg
1657,https://www.amazon.com/sspa/click?ie=UTF8&spc=MToxMzUzNTQwMzg4Nzc1MTkzOjE2Njg4MDI2OTI6c3BfbXRmOjIwMDAzNTU5NTg0ODQ5ODo6MDo6&url=%2FNexxus-Clarifying-Nourished-ProteinFusion-Silicone%2Fdp%2FB088SKYMF2%2Fref%3Dsr_1_36_sspa%3Fcrid%3D38PGDR6PZ4RYL%26keywords%3Dshampoo%26qid%3D1668802692%26sprefix%3Dshampoo%252Caps%252C79%26sr%3D8-36-spons%26sp_csd%3Dd2lkZ2V0TmFtZT1zcF9tdGY%26psc%3D1,"Nexxus Clean and Pure Clarifying Shampoo, For Nourished Hair With ProteinFusion, Silicone, Dye And Paraben Free 33.8 oz",Sponsored,4.5 out of 5 stars,"1,145",$18.99,FREE delivery on $25 shipped by Amazon.,B088SKYMF2,https://m.media-amazon.com/images/I/7113w+mYZzL._AC_UL320_.jpg
1658,https://www.amazon.com/Paul-Mitchell-Awapuhi-Shampoo-33-8/dp/B0007CXXYG/ref=sr_1_37?crid=38PGDR6PZ4RYL&keywords=shampoo&qid=1668802692&sprefix=shampoo%2Caps%2C79&sr=8-37,"Paul Mitchell Awapuhi Shampoo, Original Wash, Balances Moisture, For All Hair Types",33.8 Ounce (Pack of 1),4.7 out of 5 stars,"13,249",$27.50,FREE delivery,B0007CXXYG,https://m.media-amazon.com/images/I/41ksZXNqLkL._AC_UL320_.jpg
1659,https://www.amazon.com/OGX-Moisturizing-Paraben-Free-Sulfate-Free-Surfactants/dp/B002KG28PW/ref=sr_1_38?crid=38PGDR6PZ4RYL&keywords=shampoo&qid=1668802692&sprefix=shampoo%2Caps%2C79&sr=8-38,"OGX Nourishing + Coconut Milk Moisturizing Shampoo for Strong & Healthy Hair, with Coconut Milk, Coconut Oil & Egg White Protein, Paraben-Free, Sulfate-Free Surfactants, 25.4 fl oz",25.4 Fl Oz (Pack of 1),4.7 out of 5 stars,"11,726",$9.76,"FREE delivery Fri, Nov 25 on $25 of items shipped by AmazonOr fastest delivery Sun, Nov 20|",B002KG28PW,https://m.media-amazon.com/images/I/61POlqyCZTL._AC_UL320_.jpg
1660,https://www.amazon.com/OGX-Renewing-Morocco-Shampoo-Conditioner/dp/B07RD44V6Z/ref=sr_1_39?crid=38PGDR6PZ4RYL&keywords=shampoo&qid=1668802692&sprefix=shampoo%2Caps%2C79&sr=8-39,"OGX Renewing + Argan Oil of Morocco Shampoo & Conditioner, 25.4 Fl Oz 2 count (Pack of 1)",2 Count (Pack of 1),4.6 out of 5 stars,"4,541",$16.80,"FREE delivery Fri, Nov 25 on $25 of items shipped by AmazonOr fastest delivery Sun, Nov 20|",B07RD44V6Z,https://m.media-amazon.com/images/I/81owNou0QTL._AC_UL320_.jpg
1661,https://www.amazon.com/Herbal-Essences-Shampoo-Conditioner-Rose/dp/B086S4Q7JH/ref=sr_1_40?crid=38PGDR6PZ4RYL&keywords=shampoo&qid=1668802692&sprefix=shampoo%2Caps%2C79&sr=8-40,"Herbal Essences Shampoo and Conditioner Set, Vitamin E, Rose Hips and Jojoba Extract, Smooth Collection, Bundle",2 Count (Pack of 1),4.7 out of 5 stars,"11,076",$17.47,"FREE delivery Fri, Nov 25 on $25 of items shipped by AmazonOr fastest delivery Sun, Nov 20|",B086S4Q7JH,https://m.media-amazon.com/images/I/81WkfrV8NBL._AC_UL320_.jpg
1662,https://www.amazon.com/BIOLAGE-Extremely-Moisturizes-Breakage-Silicone-Free/dp/B00JWSNNRI/ref=sr_1_41?crid=38PGDR6PZ4RYL&keywords=shampoo&qid=1668802692&sprefix=shampoo%2Caps%2C79&sr=8-41,BIOLAGE Ultra Hydra Source Shampoo | Extremely Moisturizes Hair To Prevent Breakage | For Very Dry Hair | Paraben & Silicone-Free | Vegan,33.8 Fl Oz (Pack of 1),4.7 out of 5 stars,"8,784",$37.00,"FREE delivery Fri, Nov 25 Or fastest delivery Sun, Nov 20|",B00JWSNNRI,https://m.media-amazon.com/images/I/512O4v+TmxL._AC_UL320_.jpg
1663,https://www.amazon.com/SheaMoisture-Manuka-Intensive-Hydration-Shampoo/dp/B00OO0J9UY/ref=sr_1_42?crid=38PGDR6PZ4RYL&keywords=shampoo&qid=1668802692&sprefix=shampoo%2Caps%2C79&sr=8-42,"SheaMoisture Intensive Hydration Shampoo for Dry, Damaged Hair Manuka Honey and Mafura Oil Sulfate-Free 13 oz",13 Fl Oz (Pack of 1),4.6 out of 5 stars,"7,528",$9.97,"FREE delivery Fri, Nov 25 on $25 of items shipped by AmazonOr fastest delivery Mon, Nov 21|",B00OO0J9UY,https://m.media-amazon.com/images/I/71ZrW5Te-9L._AC_UL320_.jpg
1664,https://www.amazon.com/Avalon-Organics-B-Complex-Thickening-Shampoo/dp/B008OL3UYK/ref=sr_1_43?crid=38PGDR6PZ4RYL&keywords=shampoo&qid=1668802692&sprefix=shampoo%2Caps%2C79&sr=8-43,"Avalon Organics Therapy Thickening Shampoo, Biotin B-Complex, 32 Oz",32 Fl Oz (Pack of 1),4.3 out of 5 stars,"10,967",$13.28,"FREE delivery Fri, Nov 25 on $25 of items shipped by AmazonOr fastest delivery Tue, Nov 22||Climate Pledge Friendly|Climate Pledge Friendly|Climate Pledge Friendly|<img alt="""" src=""https://m.media-amazon.com/images/I/216-OX9rBaL._SS200_.png"" height=""50px"" width=""50px""/>  Climate Pledge Friendly|<img alt="""" src=""https://m.media-amazon.com/images/I/216-OX9rBaL._SS200_.png"" height=""50px"" width=""50px""/>  Climate Pledge Friendly|<img alt="""" src=""https://m.media-amazon.com/images/I/31OPjlesFNL._SS200_.png"" height=""50px"" width=""50px""/> EWG Verified",B008OL3UYK,https://m.media-amazon.com/images/I/51kPkibiuSL._AC_UL320_.jpg|https://m.media-amazon.com/images/I/216-OX9rBaL._SS200_.png||
1665,https://www.amazon.com/Pureology-Color-Treated-Lightweight-Sulfate-Free-Packaging/dp/B08918B4NQ/ref=sr_1_44?crid=38PGDR6PZ4RYL&keywords=shampoo&qid=1668802692&sprefix=shampoo%2Caps%2C79&sr=8-44,"Pureology Pure Volume Shampoo | For Flat, Fine, Color-Treated Hair | Adds Lightweight Volume | Sulfate-Free | Vegan",9 Fl Oz (Pack of 1),4.3 out of 5 stars,"3,337",$35.00,"FREE delivery Fri, Nov 25 Or fastest delivery Sun, Nov 20||Climate Pledge Friendly|Climate Pledge Friendly|Climate Pledge Friendly|<img alt="""" src=""https://m.media-amazon.com/images/I/216-OX9rBaL._SS200_.png"" height=""50px"" width=""50px""/>  Climate Pledge Friendly|<img alt="""" src=""https://m.media-amazon.com/images/I/216-OX9rBaL._SS200_.png"" height=""50px"" width=""50px""/>  Climate Pledge Friendly|<img alt="""" src=""https://m.media-amazon.com/images/I/41J16pJqXZL._SS200_.jpg"" height=""50px"" width=""50px""/> Cradle to Cradle Certified",B08918B4NQ,https://m.media-amazon.com/images/I/716LC8qPg3L._AC_UL320_.jpg|https://m.media-amazon.com/images/I/216-OX9rBaL._SS200_.png||
1666,https://www.amazon.com/Aveeno-Scalp-Soothing-Vinegar-Shampoo/dp/B07HMVMTN6/ref=sr_1_45?crid=38PGDR6PZ4RYL&keywords=shampoo&qid=1668802692&sprefix=shampoo%2Caps%2C79&sr=8-45,"Aveeno Apple Cider Vinegar Sulfate-Free Shampoo for Balance & High Shine, Daily Clarifying & Soothing Scalp Shampoo for Oily or Dull Hair, Paraben & Dye-Free, 12 Fl Oz",12 Fl Oz (Pack of 1),4.4 out of 5 stars,"10,667",$6.99,"FREE delivery Fri, Nov 25 on $25 of items shipped by AmazonOr fastest delivery Tue, Nov 22|",B07HMVMTN6,https://m.media-amazon.com/images/I/71pTuZrE-KL._AC_UL320_.jpg
1667,https://www.amazon.com/ACURE-Curiously-Clarifying-Shampoo-Performance/dp/B082YFN2ZK/ref=sr_1_46?crid=38PGDR6PZ4RYL&keywords=shampoo&qid=1668802692&sprefix=shampoo%2Caps%2C79&sr=8-46,"ACURE Curiously Clarifying Shampoo - 8 Fl Oz - Performance-Driven Hair Care Gently Cleanses, Removes Buildup, Boosts Shine & Replenishes Moisture - Lemongrass & Argan, 100% Vegan",8 Fl Oz (Pack of 1),4.4 out of 5 stars,"2,934",$9.99,"FREE delivery Fri, Nov 25 on $25 of items shipped by AmazonOr fastest delivery Sun, Nov 20|",B082YFN2ZK,https://m.media-amazon.com/images/I/71qsXUct6mL._AC_UL320_.jpg
1668,https://www.amazon.com/BIOLAGE-Colorlast-Shampoo-Color-Treated-Hair/dp/B00ILBUEVK/ref=sr_1_47?crid=38PGDR6PZ4RYL&keywords=shampoo&qid=1668802692&sprefix=shampoo%2Caps%2C79&sr=8-47,BIOLAGE Color Last Shampoo | Helps Protect Hair & Maintain Vibrant Color | For Color-Treated Hair | Paraben & Silicone-Free | Vegan​,33.8 Fl Oz (Pack of 1),4.7 out of 5 stars,"33,143",$37.00,"FREE delivery Fri, Nov 25 Or fastest delivery Sun, Nov 20|",B00ILBUEVK,https://m.media-amazon.com/images/I/51DPg7uP80L._AC_UL320_.jpg
1669,https://www.amazon.com/Old-Spice-Swagger-Shampoo-Conditioner/dp/B08LR3HN72/ref=sr_1_48?crid=38PGDR6PZ4RYL&keywords=shampoo&qid=1668802692&sprefix=shampoo%2Caps%2C79&sr=8-48,"Old Spice Swagger 2-in-1 Shampoo and Conditioner for Men, 29.2 Fl Oz Each, Twin Pack",29.2 Fl Oz (Pack of 2),4.7 out of 5 stars,"1,734",$17.99,"FREE delivery Fri, Nov 25 on $25 of items shipped by AmazonOr fastest delivery Sun, Nov 20|",B08LR3HN72,https://m.media-amazon.com/images/I/81E2KQjN4ML._AC_UL320_.jpg
1670,https://www.amazon.com/Matrix-Results-Silver-Shampoo-Unisex/dp/B00FZSB0Y2/ref=sr_1_49?crid=38PGDR6PZ4RYL&keywords=shampoo&qid=1668802692&sprefix=shampoo%2Caps%2C79&sr=8-49,MATRIX Total Results So Silver Color Depositing Purple Shampoo For Neutralizing Yellow Tones | Tones Blonde & Silver Hair | For Color Treated Hair,10.1 Fl Oz (Pack of 1),4.5 out of 5 stars,"39,438",$20.00,"FREE delivery Fri, Nov 25 on $25 of items shipped by AmazonOr fastest delivery Sun, Nov 20|",B00FZSB0Y2,https://m.media-amazon.com/images/I/61Ofv0XmslL._AC_UL320_.jpg
1671,https://www.amazon.com/Hydrating-Shampoo-Performance-Driven-Pumpkin/dp/B082YG62JM/ref=sr_1_50?crid=38PGDR6PZ4RYL&keywords=shampoo&qid=1668802692&sprefix=shampoo%2Caps%2C79&sr=8-50,"Acure Ultra Hydrating Shampoo 100% Vegan, Ultra Hydrating Moisture & Omega Fatty Acids, , Yellow Argan Oil & Pumpkin, 8 Fl Oz",8 Fl Oz (Pack of 1),4.5 out of 5 stars,"1,443",$8.99,"FREE delivery Fri, Nov 25 on $25 of items shipped by AmazonOr fastest delivery Sun, Nov 20|",B082YG62JM,https://m.media-amazon.com/images/I/61hc63NB+NL._AC_UL320_.jpg
1672,https://www.amazon.com/OGX-Nourishing-Coconut-Shampoo-Conditioner/dp/B07RJBKPH1/ref=sr_1_51?crid=38PGDR6PZ4RYL&keywords=shampoo&qid=1668802692&sprefix=shampoo%2Caps%2C79&sr=8-51,"OGX Nourishing + Coconut Milk Shampoo & Conditioner, Set, 25.4 Fl Oz (Pack of 2)",25.4 Fl Oz (Pack of 2),4.6 out of 5 stars,"2,868",$21.12,"FREE delivery Fri, Nov 25 on $25 of items shipped by AmazonOr fastest delivery Sun, Nov 20|",B07RJBKPH1,https://m.media-amazon.com/images/I/81EpWrxyf7L._AC_UL320_.jpg
1673,https://www.amazon.com/OGX-Cold-Pressed-Paraben-Free-Sulfate-Free-Surfactants/dp/B0048F5ATO/ref=sr_1_52?crid=38PGDR6PZ4RYL&keywords=shampoo&qid=1668802692&sprefix=shampoo%2Caps%2C79&sr=8-52,"OGX Renewing + Argan Oil of Morocco Hydrating Hair Shampoo, Cold-Pressed Argan Oil to Help Moisturize, Soften & Strengthen Hair, Paraben-Free with Sulfate-Free Surfactants, 13 fl oz",13 Fl Oz (Pack of 1),4.6 out of 5 stars,"4,844",$6.42,"FREE delivery Fri, Nov 25 on $25 of items shipped by AmazonOr fastest delivery Sun, Nov 20|",B0048F5ATO,https://m.media-amazon.com/images/I/71Zj8G4YrOL._AC_UL320_.jpg
1674,https://www.amazon.com/Shampoo-Brittle-Provides-Intense-Softness/dp/B08SSM21R4/ref=sr_1_53?crid=38PGDR6PZ4RYL&keywords=shampoo&qid=1668802692&sprefix=shampoo%2Caps%2C79&sr=8-53,Redken All Soft Shampoo | For Dry/Brittle Hair | Provides Intense Softness and Shine | With Argan Oil,10.1 Fl Oz (Pack of 1),4.7 out of 5 stars,"14,513",$24.00,"FREE delivery Fri, Nov 25 on $25 of items shipped by AmazonOr fastest delivery Sun, Nov 20||Climate Pledge Friendly|Climate Pledge Friendly|Climate Pledge Friendly|<img alt="""" src=""https://m.media-amazon.com/images/I/216-OX9rBaL._SS200_.png"" height=""50px"" width=""50px""/>  Climate Pledge Friendly|<img alt="""" src=""https://m.media-amazon.com/images/I/216-OX9rBaL._SS200_.png"" height=""50px"" width=""50px""/>  Climate Pledge Friendly|<img alt="""" src=""https://m.media-amazon.com/images/I/41J16pJqXZL._SS200_.jpg"" height=""50px"" width=""50px""/> Cradle to Cradle Certified",B08SSM21R4,https://m.media-amazon.com/images/I/81DMJ4os3dL._AC_UL320_.jpg|https://m.media-amazon.com/images/I/216-OX9rBaL._SS200_.png||
1675,https://www.amazon.com/365-WFM-Thick-Shampoo-Rosemary/dp/B08RG15SLJ/ref=sr_1_54_f3_0o_wf?crid=38PGDR6PZ4RYL&keywords=shampoo&qid=1668802692&sprefix=shampoo%2Caps%2C79&sr=8-54,"365 by Whole Foods Market, Shampoo Volume And Thick Rosemary Mint, 32 Fl Oz",($0.29/Fl Oz),4.1 out of 5 stars,93,$9.29,$9.95 for 2-hour delivery with Prime,B08RG15SLJ,https://m.media-amazon.com/images/I/71MKvJzVpxS._AC_UL320_.jpg
1676,https://www.amazon.com/Pantene-Shampoo-Sulfate-Conditioner-Soothing/dp/B07N3BN1KS/ref=sr_1_55?crid=38PGDR6PZ4RYL&keywords=shampoo&qid=1668802692&sprefix=shampoo%2Caps%2C79&sr=8-55,"Pantene, Shampoo and Sulfate Free Conditioner Kit, Paraben and Dye Free, Pro-V Blends, Soothing Rose Water, 17.9 fl oz, Twin Pack",17.9 Fl Oz (Pack of 2),4.5 out of 5 stars,"8,472",$20.99,"FREE delivery Fri, Nov 25 on $25 of items shipped by AmazonOr fastest delivery Tue, Nov 22|",B07N3BN1KS,https://m.media-amazon.com/images/I/71g0eVP1T5L._AC_UL320_.jpg
1677,https://www.amazon.com/DS-Laboratories-DS105-Stimulating-Shampoo/dp/B06XTRLPR2/ref=sr_1_56?crid=38PGDR6PZ4RYL&keywords=shampoo&qid=1668802692&sprefix=shampoo%2Caps%2C79&sr=8-56,"Revita Shampoo For Thinning Hair by DS Laboratories - Volumizing and Thickening Shampoo for Men and Women, Shampoo to Support Hair Growth, Hair Strengthening, Sulfate Free, DHT Blocker (7 fl oz)",7 Fl Oz (Pack of 1),4.4 out of 5 stars,513,$35.00,"FREE delivery Fri, Nov 25 Or fastest delivery Sun, Nov 20|",B06XTRLPR2,https://m.media-amazon.com/images/I/7185Esxqz9L._AC_UL320_.jpg
1678,https://www.amazon.com/Kerastase-Resistance-Volumifique-Thickening-Shampoo/dp/B004CJJO2A/ref=sr_1_57?crid=38PGDR6PZ4RYL&keywords=shampoo&qid=1668802692&sprefix=shampoo%2Caps%2C79&sr=8-57,"KERASTASE, Resistance Bain Volumifique Thickening effect Shampoo, multi, 8.5 Fl Oz",8.5 Ounce (Pack of 1),4.5 out of 5 stars,"2,746",$30.49,"FREE delivery Sun, Nov 27 Or fastest delivery Tue, Nov 22|",B004CJJO2A,https://m.media-amazon.com/images/I/51+Lgh+z8eL._AC_UL320_.jpg
1679,https://www.amazon.com/Paul-Mitchell-Extra-Body-Shampoo-33-8/dp/B002N5MI8C/ref=sr_1_58?crid=38PGDR6PZ4RYL&keywords=shampoo&qid=1668802692&sprefix=shampoo%2Caps%2C79&sr=8-58,"Paul Mitchell Extra-Body Shampoo, Thickens + Volumizes, For Fine Hair, 33.8 Fl Oz",33.8 Fl Oz (Pack of 1),4.6 out of 5 stars,"1,915",$27.50,FREE delivery,B002N5MI8C,https://m.media-amazon.com/images/I/41F+yU+veNL._AC_UL320_.jpg
1680,https://www.amazon.com/Paul-Mitchell-Shampoo-One-33-8/dp/B0007CXY5E/ref=sr_1_59?crid=38PGDR6PZ4RYL&keywords=shampoo&qid=1668802692&sprefix=shampoo%2Caps%2C79&sr=8-59,"Paul Mitchell Shampoo One, Everyday Wash, Balanced Clean, For All Hair Types",33.8 Fl Oz (Pack of 1),4.7 out of 5 stars,"5,911",$27.50,"FREE delivery Fri, Nov 25|",B0007CXY5E,https://m.media-amazon.com/images/I/41lbGXV3ftL._AC_UL320_.jpg
1681,https://www.amazon.com/V76-Vaughn-Hydrating-Shampoo-Moisture/dp/B01E85Z3YK/ref=sr_1_60?crid=38PGDR6PZ4RYL&keywords=shampoo&qid=1668802692&sprefix=shampoo%2Caps%2C79&sr=8-60,V76 by Vaughn Hydrating Shampoo Formula for Men,8 Fl Oz (Pack of 1),4.4 out of 5 stars,552,$17.00,"FREE delivery Fri, Nov 25 on $25 of items shipped by AmazonOr fastest delivery Sun, Nov 20|",B01E85Z3YK,https://m.media-amazon.com/images/I/71h9j5CQ-hL._AC_UL320_.jpg
1682,https://www.amazon.com/LOreal-Paris-Repairing-Shampoo-Ceramide/dp/B07525QJC8/ref=sxbs_aspa_sqa?content-id=amzn1.sym.f083991a-4799-4628-9c0f-265d31202d6a%3Aamzn1.sym.f083991a-4799-4628-9c0f-265d31202d6a&crid=38PGDR6PZ4RYL&cv_ct_cx=shampoo&keywords=shampoo&pd_rd_i=B07525QJC8&pd_rd_r=8ba5cb46-9867-44ee-ae35-366ac5e5986b&pd_rd_w=PUoj4&pd_rd_wg=fkzfI&pf_rd_p=f083991a-4799-4628-9c0f-265d31202d6a&pf_rd_r=ADKT3SMSAF49EB4QT7BS&qid=1668802692&sprefix=shampoo%2Caps%2C79&sr=1-1-e8b8f74c-74f5-4c4f-a6e6-031fece62d61,L'Oreal Paris Elvive Total Repair 5 Repairing Shampoo for Damaged Hair Shampoo with Protein and Ceramide for Strong Silky Shiny Healthy Renewed Hair 28 Fl Oz,Source,4.6 out of 5 stars|4.6 out of 5 stars|4.7 out of 5 stars|4.5 out of 5 stars|4.4 out of 5 stars|4.4 out of 5 stars|4.2 out of 5 stars|4.5 out of 5 stars,"8,486|17,194|46,621|5,310|10,308|12,705|1,549|15,895",$6.58,"FREE delivery Fri, Nov 25 on $25 of items shipped by AmazonOr fastest delivery Sun, Nov 20||FREE delivery Nov 22 - 23|FREE delivery on $25 shipped by Amazon.|FREE delivery Fri, Nov 25 on $25 of items shipped by Amazon||FREE delivery Fri, Nov 25 on $25 of items shipped by AmazonOr fastest delivery Sun, Nov 20||FREE delivery Fri, Nov 25 on $25 of items shipped by AmazonOr fastest delivery Sun, Nov 20||FREE delivery Fri, Nov 25 on $25 of items shipped by AmazonOr fastest delivery Sun, Nov 20||FREE delivery Fri, Nov 25 on $25 of items shipped by AmazonOr fastest delivery Mon, Nov 21|",,https://m.media-amazon.com/images/G/01/Lagoon/web.png|https://m.media-amazon.com/images/I/51CTIBB4VpS._AC_UL320_.jpg|https://m.media-amazon.com/images/I/81DvVl-25VL._AC_UL320_.jpg|https://m.media-amazon.com/images/I/61W4d8ckCiL._AC_UL320_.jpg|https://m.media-amazon.com/images/I/715lQsfc1XL._AC_UL320_.jpg|https://m.media-amazon.com/images/G/01/Lagoon/web.png|https://m.media-amazon.com/images/G/01/Lagoon/web.png|https://m.media-amazon.com/images/I/517h--PwFXL._AC_UL320_.jpg|https://m.media-amazon.com/images/I/61fLqnW+alL._AC_UL320_.jpg|https://m.media-amazon.com/images/I/71chUFnpQ5L._AC_UL320_.jpg|https://m.media-amazon.com/images/I/71W1uHpWZWL._AC_UL320_.jpg|https://m.media-amazon.com/images/G/01/Lagoon/web.png
1683,https://www.amazon.com/LOreal-Paris-Repairing-Shampoo-Ceramide/dp/B07525QJC8/ref=sxbs_aspa_sqa?content-id=amzn1.sym.f083991a-4799-4628-9c0f-265d31202d6a%3Aamzn1.sym.f083991a-4799-4628-9c0f-265d31202d6a&crid=38PGDR6PZ4RYL&cv_ct_cx=shampoo&keywords=shampoo&pd_rd_i=B07525QJC8&pd_rd_r=8ba5cb46-9867-44ee-ae35-366ac5e5986b&pd_rd_w=PUoj4&pd_rd_wg=fkzfI&pf_rd_p=f083991a-4799-4628-9c0f-265d31202d6a&pf_rd_r=ADKT3SMSAF49EB4QT7BS&qid=1668802692&sprefix=shampoo%2Caps%2C79&sr=1-1-e8b8f74c-74f5-4c4f-a6e6-031fece62d61,L'Oreal Paris Elvive Total Repair 5 Repairing Shampoo for Damaged Hair Shampoo with Protein and Ceramide for Strong Silky Shiny Healthy Renewed Hair 28 Fl Oz,28 Fl Oz (Pack of 1),4.6 out of 5 stars,"8,486",$6.58,"FREE delivery Fri, Nov 25 on $25 of items shipped by AmazonOr fastest delivery Sun, Nov 20|",B07525QJC8,https://m.media-amazon.com/images/I/51CTIBB4VpS._AC_UL320_.jpg
1684,https://www.amazon.com/Herbal-Essences-Conditioner-BioRenew-Repairing/dp/B07NQ69L7P/ref=sxbs_aspa_sqa?content-id=amzn1.sym.f083991a-4799-4628-9c0f-265d31202d6a%3Aamzn1.sym.f083991a-4799-4628-9c0f-265d31202d6a&crid=38PGDR6PZ4RYL&cv_ct_cx=shampoo&keywords=shampoo&pd_rd_i=B07NQ69L7P&pd_rd_r=8ba5cb46-9867-44ee-ae35-366ac5e5986b&pd_rd_w=PUoj4&pd_rd_wg=fkzfI&pf_rd_p=f083991a-4799-4628-9c0f-265d31202d6a&pf_rd_r=ADKT3SMSAF49EB4QT7BS&qid=1668802692&sprefix=shampoo%2Caps%2C79&sr=1-3-e8b8f74c-74f5-4c4f-a6e6-031fece62d61,"Herbal Essences Shampoo and Conditioner Set Repairing Argan Oil of Morocco with Natural Source Ingredients, Color Safe, BioRenew, 20.2 Fl Oz, 2 Count",2 Piece Set,4.6 out of 5 stars,"17,194",$11.00,FREE delivery Nov 22 - 23,B07NQ69L7P,https://m.media-amazon.com/images/I/81DvVl-25VL._AC_UL320_.jpg
1685,https://www.amazon.com/Tea-Tree-Special-Shampoo-10-14/dp/B003E1CYHO/ref=sxbs_aspa_sqa?content-id=amzn1.sym.f083991a-4799-4628-9c0f-265d31202d6a%3Aamzn1.sym.f083991a-4799-4628-9c0f-265d31202d6a&crid=38PGDR6PZ4RYL&cv_ct_cx=shampoo&keywords=shampoo&pd_rd_i=B003E1CYHO&pd_rd_r=8ba5cb46-9867-44ee-ae35-366ac5e5986b&pd_rd_w=PUoj4&pd_rd_wg=fkzfI&pf_rd_p=f083991a-4799-4628-9c0f-265d31202d6a&pf_rd_r=ADKT3SMSAF49EB4QT7BS&qid=1668802692&sprefix=shampoo%2Caps%2C79&sr=1-5-e8b8f74c-74f5-4c4f-a6e6-031fece62d61,"Tea Tree Special Shampoo, Deep Cleans, Refreshes Scalp, For All Hair Types, Especially Oily Hair",10.14 Fl Oz (Pack of 1),4.7 out of 5 stars,"46,621",$12.38,FREE delivery on $25 shipped by Amazon.,B003E1CYHO,https://m.media-amazon.com/images/I/61W4d8ckCiL._AC_UL320_.jpg
1686,https://www.amazon.com/Aveeno-Sulfate-Free-Peppermint-Clarifying-Paraben-Free/dp/B07HMK15G9/ref=sxbs_aspa_sqa?content-id=amzn1.sym.f083991a-4799-4628-9c0f-265d31202d6a%3Aamzn1.sym.f083991a-4799-4628-9c0f-265d31202d6a&crid=38PGDR6PZ4RYL&cv_ct_cx=shampoo&keywords=shampoo&pd_rd_i=B07HMK15G9&pd_rd_r=8ba5cb46-9867-44ee-ae35-366ac5e5986b&pd_rd_w=PUoj4&pd_rd_wg=fkzfI&pf_rd_p=f083991a-4799-4628-9c0f-265d31202d6a&pf_rd_r=ADKT3SMSAF49EB4QT7BS&qid=1668802692&sprefix=shampoo%2Caps%2C79&sr=1-7-e8b8f74c-74f5-4c4f-a6e6-031fece62d61,"Aveeno, Fresh Greens Blend Sulfate-Free Shampoo with Rosemary, Peppermint & Cucumber to Thicken & Nourish, Clarifying & Volumizing Shampoo for Thin or Fine Hair, Paraben-Free, 12oz",12 Fl Oz (Pack of 1),4.5 out of 5 stars,"5,310",$6.99,"FREE delivery Fri, Nov 25 on $25 of items shipped by Amazon|",B07HMK15G9,https://m.media-amazon.com/images/I/715lQsfc1XL._AC_UL320_.jpg
1687,https://www.amazon.com/Vets-Best-Advanced-Strength-Shampoo/dp/B07F44G1LS/ref=sxbs_aspa_sqa?content-id=amzn1.sym.f083991a-4799-4628-9c0f-265d31202d6a%3Aamzn1.sym.f083991a-4799-4628-9c0f-265d31202d6a&crid=38PGDR6PZ4RYL&cv_ct_cx=shampoo&keywords=shampoo&pd_rd_i=B07F44G1LS&pd_rd_r=8ba5cb46-9867-44ee-ae35-366ac5e5986b&pd_rd_w=PUoj4&pd_rd_wg=fkzfI&pf_rd_p=f083991a-4799-4628-9c0f-265d31202d6a&pf_rd_r=ADKT3SMSAF49EB4QT7BS&qid=1668802692&sprefix=shampoo%2Caps%2C79&sr=1-2-e8b8f74c-74f5-4c4f-a6e6-031fece62d61,Vet’s Best Flea and Tick Advanced Strength Dog Shampoo | Flea Treatment for Dogs | Plant-Based Formula | 12 Ounces,Save 40% on 2 select item(s),4.4 out of 5 stars,"10,308",,"FREE delivery Fri, Nov 25 on $25 of items shipped by AmazonOr fastest delivery Sun, Nov 20|",B07F44G1LS,https://m.media-amazon.com/images/I/517h--PwFXL._AC_UL320_.jpg
1688,https://www.amazon.com/Veterinary-Formula-Clinical-Care-Shampoo/dp/B0037Z6VKS/ref=sxbs_aspa_sqa?content-id=amzn1.sym.f083991a-4799-4628-9c0f-265d31202d6a%3Aamzn1.sym.f083991a-4799-4628-9c0f-265d31202d6a&crid=38PGDR6PZ4RYL&cv_ct_cx=shampoo&keywords=shampoo&pd_rd_i=B0037Z6VKS&pd_rd_r=8ba5cb46-9867-44ee-ae35-366ac5e5986b&pd_rd_w=PUoj4&pd_rd_wg=fkzfI&pf_rd_p=f083991a-4799-4628-9c0f-265d31202d6a&pf_rd_r=ADKT3SMSAF49EB4QT7BS&qid=1668802692&sprefix=shampoo%2Caps%2C79&sr=1-4-e8b8f74c-74f5-4c4f-a6e6-031fece62d61,"Veterinary Formula Flea and Tick Shampoo for Dogs and Cats, 16 oz – Dog and Cat Flea Shampoo with Pyrethrum to Kill Fleas, Ticks On Contact – Cleanses and Exfoliates",Save more with Subscribe & Save,4.4 out of 5 stars,"12,705",$9.98,"FREE delivery Fri, Nov 25 on $25 of items shipped by AmazonOr fastest delivery Sun, Nov 20|",B0037Z6VKS,https://m.media-amazon.com/images/I/61fLqnW+alL._AC_UL320_.jpg
1689,https://www.amazon.com/Hartz-UltraGuard-Flea-Oatmeal-Shampoo/dp/B000OXCUCO/ref=sxbs_aspa_sqa?content-id=amzn1.sym.f083991a-4799-4628-9c0f-265d31202d6a%3Aamzn1.sym.f083991a-4799-4628-9c0f-265d31202d6a&crid=38PGDR6PZ4RYL&cv_ct_cx=shampoo&keywords=shampoo&pd_rd_i=B000OXCUCO&pd_rd_r=8ba5cb46-9867-44ee-ae35-366ac5e5986b&pd_rd_w=PUoj4&pd_rd_wg=fkzfI&pf_rd_p=f083991a-4799-4628-9c0f-265d31202d6a&pf_rd_r=ADKT3SMSAF49EB4QT7BS&qid=1668802692&sprefix=shampoo%2Caps%2C79&sr=1-6-e8b8f74c-74f5-4c4f-a6e6-031fece62d61,"Hartz UltraGuard Rid Flea & Tick Oatmeal Dog Shampoo, Model:3270002305",Save more with Subscribe & Save,4.2 out of 5 stars,"1,549",$4.88,"FREE delivery Fri, Nov 25 on $25 of items shipped by AmazonOr fastest delivery Sun, Nov 20|",B000OXCUCO,https://m.media-amazon.com/images/I/71chUFnpQ5L._AC_UL320_.jpg
1690,https://www.amazon.com/Adams-Plus-Flea-Shampoo-Precor/dp/B004KDRGD2/ref=sxbs_aspa_sqa?content-id=amzn1.sym.f083991a-4799-4628-9c0f-265d31202d6a%3Aamzn1.sym.f083991a-4799-4628-9c0f-265d31202d6a&crid=38PGDR6PZ4RYL&cv_ct_cx=shampoo&keywords=shampoo&pd_rd_i=B004KDRGD2&pd_rd_r=8ba5cb46-9867-44ee-ae35-366ac5e5986b&pd_rd_w=PUoj4&pd_rd_wg=fkzfI&pf_rd_p=f083991a-4799-4628-9c0f-265d31202d6a&pf_rd_r=ADKT3SMSAF49EB4QT7BS&qid=1668802692&sprefix=shampoo%2Caps%2C79&sr=1-8-e8b8f74c-74f5-4c4f-a6e6-031fece62d61,"Adams Plus Flea & Tick Shampoo with Precor for Cats, Kittens, Dogs & Puppies Over 12 Weeks Of Age Sensitive Skin Flea Treatment | Kills Adult Fleas, Flea Eggs, Ticks, and Lice",$14.22 with Subscribe & Save discount,4.5 out of 5 stars,"15,895",$14.97,"FREE delivery Fri, Nov 25 on $25 of items shipped by AmazonOr fastest delivery Mon, Nov 21|",B004KDRGD2,https://m.media-amazon.com/images/I/71W1uHpWZWL._AC_UL320_.jpg
1698,https://www.amazon.com/sspa/click?ie=UTF8&spc=MTo2Mzk2OTIzNzk1OTI1MjI5OjE2Njg4MDI3MTE6c3BfYXRmOjIwMDA1Njg4OTMyOTc5ODo6MDo6&url=%2FAmazon-Basics-Moisture-Conditioner-Fluid%2Fdp%2FB09HHHH8B3%2Fref%3Dsr_1_1_sspa%3Fcrid%3DMWL2ZV9SHJXK%26keywords%3Dconditioner%26qid%3D1668802711%26sprefix%3Dconditioner%252Caps%252C101%26sr%3D8-1-spons%26sp_csd%3Dd2lkZ2V0TmFtZT1zcF9hdGY%26psc%3D1,"Amazon Basics Moisture Rich Conditioner, 28 Fluid Ounce",Featured from our brands,4.4 out of 5 stars,442,$5.39,"FREE delivery Fri, Nov 25 on $25 of items shipped by AmazonOr fastest delivery Sun, Nov 20|",B09HHHH8B3,https://m.media-amazon.com/images/I/61v74ks5eOL._AC_UL320_.jpg
1699,https://www.amazon.com/sspa/click?ie=UTF8&spc=MTo2Mzk2OTIzNzk1OTI1MjI5OjE2Njg4MDI3MTE6c3BfYXRmOjIwMDA4MDU3MjAyNjg5ODo6MDo6&url=%2FDr-Squatch-Shampoo-Conditioner-Set%2Fdp%2FB06XTG99F9%2Fref%3Dsr_1_2_sspa%3Fcrid%3DMWL2ZV9SHJXK%26keywords%3Dconditioner%26qid%3D1668802711%26sprefix%3Dconditioner%252Caps%252C101%26sr%3D8-2-spons%26sp_csd%3Dd2lkZ2V0TmFtZT1zcF9hdGY%26psc%3D1,"Dr. Squatch Citrus & Cypress Men's Shampoo + Conditioner Hair Bundle - Keeps Hair Looking Full, Healthy, Hydrated",Sponsored,4.6 out of 5 stars,"6,342",$36.25,"FREE delivery Fri, Nov 25 Or fastest delivery Sun, Nov 20|",B06XTG99F9,https://m.media-amazon.com/images/I/71xxdSIaAbL._AC_UL320_.jpg
1700,https://www.amazon.com/sspa/click?ie=UTF8&spc=MTo2Mzk2OTIzNzk1OTI1MjI5OjE2Njg4MDI3MTE6c3BfYXRmOjIwMDA0NTk3MzUyNzY5ODo6MDo6&url=%2FPantene-Conditioner-Treatment-Moisture-Color-Treated%2Fdp%2FB09GTVVWTK%2Fref%3Dsr_1_3_sspa%3Fcrid%3DMWL2ZV9SHJXK%26keywords%3Dconditioner%26qid%3D1668802711%26sprefix%3Dconditioner%252Caps%252C101%26sr%3D8-3-spons%26sp_csd%3Dd2lkZ2V0TmFtZT1zcF9hdGY%26psc%3D1,"Pantene Conditioner Twin Pack with Hair Treatment, Daily Moisture Renewal for Dry Hair, Safe for Color-Treated Hair",Sponsored,4.7 out of 5 stars,"2,641",$17.99,"FREE delivery Wed, Nov 30 on $25 of items shipped by Amazon|",B09GTVVWTK,https://m.media-amazon.com/images/I/810bojYc5BL._AC_UL320_.jpg
1701,https://www.amazon.com/sspa/click?ie=UTF8&spc=MTo2Mzk2OTIzNzk1OTI1MjI5OjE2Njg4MDI3MTE6c3BfYXRmOjIwMDA4MDk1Mjc5NTU5ODo6MDo6&url=%2FHerbal-Essences-Shampoo-Conditioner-Rose%2Fdp%2FB086S4Q7JH%2Fref%3Dsr_1_4_sspa%3Fcrid%3DMWL2ZV9SHJXK%26keywords%3Dconditioner%26qid%3D1668802711%26sprefix%3Dconditioner%252Caps%252C101%26sr%3D8-4-spons%26sp_csd%3Dd2lkZ2V0TmFtZT1zcF9hdGY%26psc%3D1,"Herbal Essences Shampoo and Conditioner Set, Vitamin E, Rose Hips and Jojoba Extract, Smooth Collection, Bundle",Sponsored,4.7 out of 5 stars,"11,076",$17.47,"FREE delivery Fri, Nov 25 on $25 of items shipped by AmazonOr fastest delivery Sun, Nov 20|",B086S4Q7JH,https://m.media-amazon.com/images/I/81WkfrV8NBL._AC_UL320_.jpg
1702,https://www.amazon.com/Olaplex-No-5-Bond-Maintenance-Conditioner/dp/B07D37SBHF/ref=sr_1_5?crid=MWL2ZV9SHJXK&keywords=conditioner&qid=1668802711&sprefix=conditioner%2Caps%2C101&sr=8-5,Olaplex No. 5 Bond Maintenance Conditioner,8.5 Fl Oz (Pack of 1),4.7 out of 5 stars,"61,017",$30.00,"FREE delivery Fri, Nov 25 Or fastest delivery Sun, Nov 20|",B07D37SBHF,https://m.media-amazon.com/images/I/61xof6CjZWL._AC_UL320_.jpg
1703,https://www.amazon.com/Paris-EverStrong-Thickening-Conditioner-Rosemary/dp/B01LY3NCGX/ref=sr_1_omk_6?crid=MWL2ZV9SHJXK&keywords=conditioner&qid=1668802711&sprefix=conditioner%2Caps%2C101&sr=8-6,"L'Oreal Paris EverStrong Thickening Sulfate Free Conditioner, Thickens + Strengthens, For Thin, Fragile Hair, with Rosemary Leaf, 8.5 Ounces (Packaging May Vary)",($0.87/Fl Oz),4.6 out of 5 stars,"2,168",$7.39,"FREE delivery Fri, Nov 25 on $25 of items shipped by AmazonOr fastest delivery Mon, Nov 21||Climate Pledge Friendly|Climate Pledge Friendly|Climate Pledge Friendly|<img alt="""" src=""https://m.media-amazon.com/images/I/216-OX9rBaL._SS200_.png"" height=""50px"" width=""50px""/>  Climate Pledge Friendly|<img alt="""" src=""https://m.media-amazon.com/images/I/216-OX9rBaL._SS200_.png"" height=""50px"" width=""50px""/>  Climate Pledge Friendly|<img alt="""" src=""https://m.media-amazon.com/images/I/41J16pJqXZL._SS200_.jpg"" height=""50px"" width=""50px""/> Cradle to Cradle Certified",B01LY3NCGX,https://m.media-amazon.com/images/I/716UDD05n1L._AC_UL320_.jpg|https://m.media-amazon.com/images/I/216-OX9rBaL._SS200_.png||
1704,https://www.amazon.com/Garnier-Fructis-Grow-Strong-Conditioner/dp/B074VLNPSG/ref=sr_1_7?crid=MWL2ZV9SHJXK&keywords=conditioner&qid=1668802711&sprefix=conditioner%2Caps%2C101&sr=8-7,"Garnier Fructis Grow Strong Conditioner, 33.8 fl; oz.",33.8 Fl Oz (Pack of 1),4.7 out of 5 stars,"10,169",$7.97,"FREE delivery Fri, Nov 25 on $25 of items shipped by AmazonOr fastest delivery Sun, Nov 20||Climate Pledge Friendly|Climate Pledge Friendly|Climate Pledge Friendly|<img alt="""" src=""https://m.media-amazon.com/images/I/216-OX9rBaL._SS200_.png"" height=""50px"" width=""50px""/>  Climate Pledge Friendly|<img alt="""" src=""https://m.media-amazon.com/images/I/216-OX9rBaL._SS200_.png"" height=""50px"" width=""50px""/>  Climate Pledge Friendly|<img alt="""" src=""https://m.media-amazon.com/images/I/41J16pJqXZL._SS200_.jpg"" height=""50px"" width=""50px""/> Cradle to Cradle Certified",B074VLNPSG,https://m.media-amazon.com/images/I/71sJtelCW5L._AC_UL320_.jpg|https://m.media-amazon.com/images/I/216-OX9rBaL._SS200_.png||
1705,https://www.amazon.com/Reshma-Beauty-Henna-Sulfate-Free-Conditioner/dp/B0B8CMNLV1/ref=sxin_15?content-id=amzn1.sym.d7223ab3-d7ba-402d-901f-6bf4c3c8698f%3Aamzn1.sym.d7223ab3-d7ba-402d-901f-6bf4c3c8698f&crid=MWL2ZV9SHJXK&cv_ct_cx=conditioner&keywords=conditioner&pd_rd_i=B0B8CMNLV1&pd_rd_r=8c6bce99-d4ff-4871-a998-0e7797ff8949&pd_rd_w=LUOCe&pd_rd_wg=dvDcZ&pf_rd_p=d7223ab3-d7ba-402d-901f-6bf4c3c8698f&pf_rd_r=F0S1F5PWZJQWY198D3RS&qid=1668802711&sprefix=conditioner%2Caps%2C101&sr=1-1-fe296e3f-866b-4d03-ac2f-5b8cc03edba3,"Reshma Beauty Henna Sulfate-Free Conditioner , 16 FL OZ",16 Fl Oz (Pack of 1),5.0 out of 5 stars|5.0 out of 5 stars|5.0 out of 5 stars|4.9 out of 5 stars|4.8 out of 5 stars|4.7 out of 5 stars,"1|7|1|5|970|1,811",$14.99,"Small Business|Small Business|Small Business|<img alt="""" src=""https://m.media-amazon.com/images/I/111mHoVK0kL._SS200_.png"" height=""50px"" width=""50px""/>  Small Business|<img alt="""" src=""https://m.media-amazon.com/images/I/111mHoVK0kL._SS200_.png"" height=""50px"" width=""50px""/>  Small Business|Small Business|Small Business|Small Business|<img alt="""" src=""https://m.media-amazon.com/images/I/111mHoVK0kL._SS200_.png"" height=""50px"" width=""50px""/>  Small Business|<img alt="""" src=""https://m.media-amazon.com/images/I/111mHoVK0kL._SS200_.png"" height=""50px"" width=""50px""/>  Small Business",,https://m.media-amazon.com/images/I/41CvpakSakL._AC_UL320_.jpg|https://m.media-amazon.com/images/I/111mHoVK0kL._SS200_.png||https://m.media-amazon.com/images/I/61KqUfJh36L._AC_UL320_.jpg|https://m.media-amazon.com/images/I/111mHoVK0kL._SS200_.png||https://m.media-amazon.com/images/I/41yoUSIqD0L._AC_UL320_.jpg|https://m.media-amazon.com/images/I/61CB-z7iY9L._AC_UL320_.jpg|https://m.media-amazon.com/images/I/710RTeDH+9L._AC_UL320_.jpg|https://m.media-amazon.com/images/I/41nB9l+NbCL._AC_UL320_.jpg
1706,https://www.amazon.com/Reshma-Beauty-Henna-Sulfate-Free-Conditioner/dp/B0B8CMNLV1/ref=sxin_15?content-id=amzn1.sym.d7223ab3-d7ba-402d-901f-6bf4c3c8698f%3Aamzn1.sym.d7223ab3-d7ba-402d-901f-6bf4c3c8698f&crid=MWL2ZV9SHJXK&cv_ct_cx=conditioner&keywords=conditioner&pd_rd_i=B0B8CMNLV1&pd_rd_r=8c6bce99-d4ff-4871-a998-0e7797ff8949&pd_rd_w=LUOCe&pd_rd_wg=dvDcZ&pf_rd_p=d7223ab3-d7ba-402d-901f-6bf4c3c8698f&pf_rd_r=F0S1F5PWZJQWY198D3RS&qid=1668802711&sprefix=conditioner%2Caps%2C101&sr=1-1-fe296e3f-866b-4d03-ac2f-5b8cc03edba3,"Reshma Beauty Henna Sulfate-Free Conditioner , 16 FL OZ",16 Fl Oz (Pack of 1),5.0 out of 5 stars,1,$14.99,"Small Business|Small Business|Small Business|<img alt="""" src=""https://m.media-amazon.com/images/I/111mHoVK0kL._SS200_.png"" height=""50px"" width=""50px""/>  Small Business|<img alt="""" src=""https://m.media-amazon.com/images/I/111mHoVK0kL._SS200_.png"" height=""50px"" width=""50px""/>  Small Business",B0B8CMNLV1,https://m.media-amazon.com/images/I/41CvpakSakL._AC_UL320_.jpg|https://m.media-amazon.com/images/I/111mHoVK0kL._SS200_.png|
1707,https://www.amazon.com/Runway-Looks-Mask-Caffe-Conditioning/dp/B08W6RB8XX/ref=sxin_15?content-id=amzn1.sym.d7223ab3-d7ba-402d-901f-6bf4c3c8698f%3Aamzn1.sym.d7223ab3-d7ba-402d-901f-6bf4c3c8698f&crid=MWL2ZV9SHJXK&cv_ct_cx=conditioner&keywords=conditioner&pd_rd_i=B08W6RB8XX&pd_rd_r=8c6bce99-d4ff-4871-a998-0e7797ff8949&pd_rd_w=LUOCe&pd_rd_wg=dvDcZ&pf_rd_p=d7223ab3-d7ba-402d-901f-6bf4c3c8698f&pf_rd_r=F0S1F5PWZJQWY198D3RS&qid=1668802711&sprefix=conditioner%2Caps%2C101&sr=1-2-fe296e3f-866b-4d03-ac2f-5b8cc03edba3,"The Runway Looks VIP Mask Caffe Deep Conditioning Mask - Hair Conditioner Mask, Revive Hair Treatment Mask for Damaged Hair + Restore Vibrancy Enriched Hair Mask Growth with Coconut Extract, 4oz",($33.00/Count),5.0 out of 5 stars,7,$33.00,"Small Business|Small Business|Small Business|<img alt="""" src=""https://m.media-amazon.com/images/I/111mHoVK0kL._SS200_.png"" height=""50px"" width=""50px""/>  Small Business|<img alt="""" src=""https://m.media-amazon.com/images/I/111mHoVK0kL._SS200_.png"" height=""50px"" width=""50px""/>  Small Business",B08W6RB8XX,https://m.media-amazon.com/images/I/61KqUfJh36L._AC_UL320_.jpg|https://m.media-amazon.com/images/I/111mHoVK0kL._SS200_.png|
1708,https://www.amazon.com/Moraz-Conditioner-Rosemary-Extract-Shinier/dp/B09CQFM9YL/ref=sxin_15?content-id=amzn1.sym.d7223ab3-d7ba-402d-901f-6bf4c3c8698f%3Aamzn1.sym.d7223ab3-d7ba-402d-901f-6bf4c3c8698f&crid=MWL2ZV9SHJXK&cv_ct_cx=conditioner&keywords=conditioner&pd_rd_i=B09CQFM9YL&pd_rd_r=8c6bce99-d4ff-4871-a998-0e7797ff8949&pd_rd_w=LUOCe&pd_rd_wg=dvDcZ&pf_rd_p=d7223ab3-d7ba-402d-901f-6bf4c3c8698f&pf_rd_r=F0S1F5PWZJQWY198D3RS&qid=1668802711&sprefix=conditioner%2Caps%2C101&sr=1-3-fe296e3f-866b-4d03-ac2f-5b8cc03edba3,"Moraz Natural Kids Conditioner Gentle Defining Conditioner Made with Rosemary Extract,Hair Care Kids Conditioner for All Type Hair Tangle Free, Moisturizing and Nourishing Hair Boys and Girls , 17 FL. OZ",($0.70/Fl Oz),5.0 out of 5 stars,1,$11.86,,B09CQFM9YL,https://m.media-amazon.com/images/I/41yoUSIqD0L._AC_UL320_.jpg
1709,https://www.amazon.com/Conditioner-Moisturizing-CareTreatment-Protectant-UV-Protective/dp/B0B3HHFJ9H/ref=sxin_15?content-id=amzn1.sym.d7223ab3-d7ba-402d-901f-6bf4c3c8698f%3Aamzn1.sym.d7223ab3-d7ba-402d-901f-6bf4c3c8698f&crid=MWL2ZV9SHJXK&cv_ct_cx=conditioner&keywords=conditioner&pd_rd_i=B0B3HHFJ9H&pd_rd_r=8c6bce99-d4ff-4871-a998-0e7797ff8949&pd_rd_w=LUOCe&pd_rd_wg=dvDcZ&pf_rd_p=d7223ab3-d7ba-402d-901f-6bf4c3c8698f&pf_rd_r=F0S1F5PWZJQWY198D3RS&qid=1668802711&sprefix=conditioner%2Caps%2C101&sr=1-4-fe296e3f-866b-4d03-ac2f-5b8cc03edba3,"1 Minute Rescue Keratin Hair Conditioner, Moisturizing Argan Oil Mask ,2 in 1 Repairing Hair CareTreatment, Heat Protectant UV-Protective Sulfate Free Conditioner for Dry ,Frizzy ,Damaged Hair",($1.32/Fl Oz),4.9 out of 5 stars,5,$11.18,,B0B3HHFJ9H,https://m.media-amazon.com/images/I/61CB-z7iY9L._AC_UL320_.jpg
1710,https://www.amazon.com/Linha-Cacho-Minha-Vida-Lola/dp/B074LQXGM7/ref=sxin_15?content-id=amzn1.sym.d7223ab3-d7ba-402d-901f-6bf4c3c8698f%3Aamzn1.sym.d7223ab3-d7ba-402d-901f-6bf4c3c8698f&crid=MWL2ZV9SHJXK&cv_ct_cx=conditioner&keywords=conditioner&pd_rd_i=B074LQXGM7&pd_rd_r=8c6bce99-d4ff-4871-a998-0e7797ff8949&pd_rd_w=LUOCe&pd_rd_wg=dvDcZ&pf_rd_p=d7223ab3-d7ba-402d-901f-6bf4c3c8698f&pf_rd_r=F0S1F5PWZJQWY198D3RS&qid=1668802711&sprefix=conditioner%2Caps%2C101&sr=1-5-fe296e3f-866b-4d03-ac2f-5b8cc03edba3,"Linha Meu Cacho Minha Vida Lola - Condicionador 500 Gr - (Lola My Cyrls, My Life Collection - Conditioner Net 17.6 Oz)",($1.27/Ounce),4.8 out of 5 stars,970,$22.44,,B074LQXGM7,https://m.media-amazon.com/images/I/710RTeDH+9L._AC_UL320_.jpg
1711,https://www.amazon.com/Urban-Antidotes-Renergize-Conditioner-25-36/dp/B003RPCEW2/ref=sxin_15?content-id=amzn1.sym.d7223ab3-d7ba-402d-901f-6bf4c3c8698f%3Aamzn1.sym.d7223ab3-d7ba-402d-901f-6bf4c3c8698f&crid=MWL2ZV9SHJXK&cv_ct_cx=conditioner&keywords=conditioner&pd_rd_i=B003RPCEW2&pd_rd_r=8c6bce99-d4ff-4871-a998-0e7797ff8949&pd_rd_w=LUOCe&pd_rd_wg=dvDcZ&pf_rd_p=d7223ab3-d7ba-402d-901f-6bf4c3c8698f&pf_rd_r=F0S1F5PWZJQWY198D3RS&qid=1668802711&sprefix=conditioner%2Caps%2C101&sr=1-6-fe296e3f-866b-4d03-ac2f-5b8cc03edba3,"Tigi Bed Head Urban Antidotes Renergize Conditioner, 25.36 Fl Oz",25.36 Fl Oz (Pack of 1),4.7 out of 5 stars,"1,811",$10.21,,B003RPCEW2,https://m.media-amazon.com/images/I/41nB9l+NbCL._AC_UL320_.jpg
1712,https://www.amazon.com/Pureology-Hydrate-Moisturizing-Conditioner-Ounces/dp/B0891BBRHW/ref=sxin_16_slmt_fabric_query_aware_gg_beauty?content-id=amzn1.sym.455f48f6-6089-4c39-8af1-4593b3766b3c%3Aamzn1.sym.455f48f6-6089-4c39-8af1-4593b3766b3c&crid=MWL2ZV9SHJXK&cv_ct_cx=conditioner&keywords=conditioner&pd_rd_i=B0891BBRHW&pd_rd_r=8c6bce99-d4ff-4871-a998-0e7797ff8949&pd_rd_w=0RHy0&pd_rd_wg=dvDcZ&pf_rd_p=455f48f6-6089-4c39-8af1-4593b3766b3c&pf_rd_r=F0S1F5PWZJQWY198D3RS&qid=1668802711&sprefix=conditioner%2Caps%2C101&sr=1-1-0d6ca3d5-bd83-4d8e-b232-aa08677b2d9c,"Pureology Hydrate Moisturizing Conditioner | For Medium to Thick Dry, Color Treated Hair | Sulfate-Free | Vegan",9 Fl Oz (Pack of 1),4.7 out of 5 stars|4.5 out of 5 stars|4.7 out of 5 stars|4.6 out of 5 stars|4.6 out of 5 stars|4.6 out of 5 stars|4.5 out of 5 stars,"11,278|12,926|2,212|14,093|4,934|90|903",$35.00,"Climate Pledge Friendly|Climate Pledge Friendly|Climate Pledge Friendly|<img alt="""" src=""https://m.media-amazon.com/images/I/216-OX9rBaL._SS200_.png"" height=""50px"" width=""50px""/>  Climate Pledge Friendly|<img alt="""" src=""https://m.media-amazon.com/images/I/216-OX9rBaL._SS200_.png"" height=""50px"" width=""50px""/>  Climate Pledge Friendly|<img alt="""" src=""https://m.media-amazon.com/images/I/41J16pJqXZL._SS200_.jpg"" height=""50px"" width=""50px""/> Cradle to Cradle Certified",,https://m.media-amazon.com/images/I/71FKDQkZTBL._AC_UL320_.jpg|https://m.media-amazon.com/images/I/216-OX9rBaL._SS200_.png|||https://m.media-amazon.com/images/I/61NXA9CtBvL._AC_UL320_.jpg|https://m.media-amazon.com/images/I/61V8qv2YdYL._AC_UL320_.jpg|https://m.media-amazon.com/images/I/41yTOHThK1L._AC_UL320_.jpg|https://m.media-amazon.com/images/I/31hw5XuSgFL._AC_UL320_.jpg|https://m.media-amazon.com/images/I/71MZiNXx-3L._AC_UL320_.jpg|https://m.media-amazon.com/images/I/61VHCBsH6AL._AC_UL320_.jpg
1713,https://www.amazon.com/Pureology-Hydrate-Moisturizing-Conditioner-Ounces/dp/B0891BBRHW/ref=sxin_16_slmt_fabric_query_aware_gg_beauty?content-id=amzn1.sym.455f48f6-6089-4c39-8af1-4593b3766b3c%3Aamzn1.sym.455f48f6-6089-4c39-8af1-4593b3766b3c&crid=MWL2ZV9SHJXK&cv_ct_cx=conditioner&keywords=conditioner&pd_rd_i=B0891BBRHW&pd_rd_r=8c6bce99-d4ff-4871-a998-0e7797ff8949&pd_rd_w=0RHy0&pd_rd_wg=dvDcZ&pf_rd_p=455f48f6-6089-4c39-8af1-4593b3766b3c&pf_rd_r=F0S1F5PWZJQWY198D3RS&qid=1668802711&sprefix=conditioner%2Caps%2C101&sr=1-1-0d6ca3d5-bd83-4d8e-b232-aa08677b2d9c,"Pureology Hydrate Moisturizing Conditioner | For Medium to Thick Dry, Color Treated Hair | Sulfate-Free | Vegan",9 Fl Oz (Pack of 1),4.7 out of 5 stars,"11,278",$35.00,"Climate Pledge Friendly|Climate Pledge Friendly|Climate Pledge Friendly|<img alt="""" src=""https://m.media-amazon.com/images/I/216-OX9rBaL._SS200_.png"" height=""50px"" width=""50px""/>  Climate Pledge Friendly|<img alt="""" src=""https://m.media-amazon.com/images/I/216-OX9rBaL._SS200_.png"" height=""50px"" width=""50px""/>  Climate Pledge Friendly|<img alt="""" src=""https://m.media-amazon.com/images/I/41J16pJqXZL._SS200_.jpg"" height=""50px"" width=""50px""/> Cradle to Cradle Certified",B0891BBRHW,https://m.media-amazon.com/images/I/71FKDQkZTBL._AC_UL320_.jpg|https://m.media-amazon.com/images/I/216-OX9rBaL._SS200_.png||
1714,https://www.amazon.com/Matrix-Results-Silver-Conditioner-Blonde/dp/B07TFJXSVV/ref=sxin_16_slmt_fabric_query_aware_gg_beauty?content-id=amzn1.sym.455f48f6-6089-4c39-8af1-4593b3766b3c%3Aamzn1.sym.455f48f6-6089-4c39-8af1-4593b3766b3c&crid=MWL2ZV9SHJXK&cv_ct_cx=conditioner&keywords=conditioner&pd_rd_i=B07TFJXSVV&pd_rd_r=8c6bce99-d4ff-4871-a998-0e7797ff8949&pd_rd_w=0RHy0&pd_rd_wg=dvDcZ&pf_rd_p=455f48f6-6089-4c39-8af1-4593b3766b3c&pf_rd_r=F0S1F5PWZJQWY198D3RS&qid=1668802711&sprefix=conditioner%2Caps%2C101&sr=1-2-0d6ca3d5-bd83-4d8e-b232-aa08677b2d9c,"MATRIX Total Results So Silver Conditioner | Hydrates Dull, Blonde & Silver Hair | for Color Treated Hair",10.14 Fl Oz (Pack of 1),4.5 out of 5 stars,"12,926",$20.00,,B07TFJXSVV,https://m.media-amazon.com/images/I/61NXA9CtBvL._AC_UL320_.jpg
1715,https://www.amazon.com/Davines-Conditioner-Smoothing-Restores-Chemically/dp/B07ZJ82DFL/ref=sxin_16_slmt_fabric_query_aware_gg_beauty?content-id=amzn1.sym.455f48f6-6089-4c39-8af1-4593b3766b3c%3Aamzn1.sym.455f48f6-6089-4c39-8af1-4593b3766b3c&crid=MWL2ZV9SHJXK&cv_ct_cx=conditioner&keywords=conditioner&pd_rd_i=B07ZJ82DFL&pd_rd_r=8c6bce99-d4ff-4871-a998-0e7797ff8949&pd_rd_w=0RHy0&pd_rd_wg=dvDcZ&pf_rd_p=455f48f6-6089-4c39-8af1-4593b3766b3c&pf_rd_r=F0S1F5PWZJQWY198D3RS&qid=1668802711&sprefix=conditioner%2Caps%2C101&sr=1-3-0d6ca3d5-bd83-4d8e-b232-aa08677b2d9c,"Davines OI Conditioner, Smoothing Conditioner For Normal Hair And All Hair Types, Softens And Restores Chemically Treated Hair",8.8 Fl Oz (Pack of 1),4.7 out of 5 stars,"2,212",$44.00,,B07ZJ82DFL,https://m.media-amazon.com/images/I/61V8qv2YdYL._AC_UL320_.jpg
1716,https://www.amazon.com/Tea-Tree-Special-Conditioner-33-8/dp/B000AQI2EK/ref=sxin_16_slmt_fabric_query_aware_gg_beauty?content-id=amzn1.sym.455f48f6-6089-4c39-8af1-4593b3766b3c%3Aamzn1.sym.455f48f6-6089-4c39-8af1-4593b3766b3c&crid=MWL2ZV9SHJXK&cv_ct_cx=conditioner&keywords=conditioner&pd_rd_i=B000AQI2EK&pd_rd_r=8c6bce99-d4ff-4871-a998-0e7797ff8949&pd_rd_w=0RHy0&pd_rd_wg=dvDcZ&pf_rd_p=455f48f6-6089-4c39-8af1-4593b3766b3c&pf_rd_r=F0S1F5PWZJQWY198D3RS&qid=1668802711&sprefix=conditioner%2Caps%2C101&sr=1-4-0d6ca3d5-bd83-4d8e-b232-aa08677b2d9c,"Tea Tree Special Conditioner, Detangles, Smoothes + Softens, For All Hair Types",33.8 Fl Oz (Pack of 1),4.6 out of 5 stars,"14,093",$44.50,,B000AQI2EK,https://m.media-amazon.com/images/I/41yTOHThK1L._AC_UL320_.jpg
1717,https://www.amazon.com/Co-High-Moisture-Shine-Cr%C3%A9me/dp/B01L3YORN2/ref=sxin_16_slmt_fabric_query_aware_gg_beauty?content-id=amzn1.sym.455f48f6-6089-4c39-8af1-4593b3766b3c%3Aamzn1.sym.455f48f6-6089-4c39-8af1-4593b3766b3c&crid=MWL2ZV9SHJXK&cv_ct_cx=conditioner&keywords=conditioner&pd_rd_i=B01L3YORN2&pd_rd_r=8c6bce99-d4ff-4871-a998-0e7797ff8949&pd_rd_w=0RHy0&pd_rd_wg=dvDcZ&pf_rd_p=455f48f6-6089-4c39-8af1-4593b3766b3c&pf_rd_r=F0S1F5PWZJQWY198D3RS&qid=1668802711&sprefix=conditioner%2Caps%2C101&sr=1-5-0d6ca3d5-bd83-4d8e-b232-aa08677b2d9c,R+Co High Dive Moisture + Shine Crème,5 Fl Oz,4.6 out of 5 stars,"4,934",$34.00,,B01L3YORN2,https://m.media-amazon.com/images/I/31hw5XuSgFL._AC_UL320_.jpg
1718,https://www.amazon.com/Cantu-Leave-Conditioning-Repair-Packaging/dp/B0B333472V/ref=sxin_16_slmt_fabric_query_aware_gg_beauty?content-id=amzn1.sym.455f48f6-6089-4c39-8af1-4593b3766b3c%3Aamzn1.sym.455f48f6-6089-4c39-8af1-4593b3766b3c&crid=MWL2ZV9SHJXK&cv_ct_cx=conditioner&keywords=conditioner&pd_rd_i=B0B333472V&pd_rd_r=8c6bce99-d4ff-4871-a998-0e7797ff8949&pd_rd_w=0RHy0&pd_rd_wg=dvDcZ&pf_rd_p=455f48f6-6089-4c39-8af1-4593b3766b3c&pf_rd_r=F0S1F5PWZJQWY198D3RS&qid=1668802711&sprefix=conditioner%2Caps%2C101&sr=1-6-0d6ca3d5-bd83-4d8e-b232-aa08677b2d9c,"Cantu Leave-In Conditioning Repair Cream with Argan Oil, 16 oz (Pack of 2) (Packaging May Vary)",16 Ounce (Pack of 2),4.6 out of 5 stars,90,$12.96,,B0B333472V,https://m.media-amazon.com/images/I/71MZiNXx-3L._AC_UL320_.jpg
1719,https://www.amazon.com/PATTERN-Conditioner-Curlies-Coilies-Textures/dp/B0B35DHNQ5/ref=sxin_16_slmt_fabric_query_aware_gg_beauty?content-id=amzn1.sym.455f48f6-6089-4c39-8af1-4593b3766b3c%3Aamzn1.sym.455f48f6-6089-4c39-8af1-4593b3766b3c&crid=MWL2ZV9SHJXK&cv_ct_cx=conditioner&keywords=conditioner&pd_rd_i=B0B35DHNQ5&pd_rd_r=8c6bce99-d4ff-4871-a998-0e7797ff8949&pd_rd_w=0RHy0&pd_rd_wg=dvDcZ&pf_rd_p=455f48f6-6089-4c39-8af1-4593b3766b3c&pf_rd_r=F0S1F5PWZJQWY198D3RS&qid=1668802711&sprefix=conditioner%2Caps%2C101&sr=1-7-0d6ca3d5-bd83-4d8e-b232-aa08677b2d9c,"PATTERN Beauty Leave In Conditioner for Curlies, Coilies & Tight Textures, 25 Fl Oz",25 Fl Oz (Pack of 1),4.5 out of 5 stars,903,$35.00,,B0B35DHNQ5,https://m.media-amazon.com/images/I/61VHCBsH6AL._AC_UL320_.jpg
1721,https://www.amazon.com/TRESemm%C3%A9-Conditioner-Professional-Salon-Healthy-Formulated/dp/B08BTKN3P9/ref=sr_1_8?crid=MWL2ZV9SHJXK&keywords=conditioner&qid=1668802711&sprefix=conditioner%2Caps%2C101&sr=8-8,"TRESemmé Conditioner for Dry Hair Moisture Rich Professional Quality Salon-Healthy Look and Shine Formulated with Vitamin E and Biotin, 28 Oz, 3 Count",28 Ounce (Pack of 3),4.7 out of 5 stars,"15,044",$17.37,"FREE delivery Fri, Nov 25 on $25 of items shipped by AmazonOr fastest delivery Sun, Nov 20|",B08BTKN3P9,https://m.media-amazon.com/images/I/81lJPp2bh4L._AC_UL320_.jpg
1722,https://www.amazon.com/Herbal-Essences-essences-hydration-conditioner/dp/B083JD3NT7/ref=sr_1_9?crid=MWL2ZV9SHJXK&keywords=conditioner&qid=1668802711&sprefix=conditioner%2Caps%2C101&sr=8-9,"Herbal Essences Herbal essences hello hydration conditioner deep moisture for hair, 29.2 fl Ounce, 29.2 Fl Ounce",29.2 Fl Oz (Pack of 1),4.7 out of 5 stars,"2,326",$7.97,"FREE delivery Fri, Nov 25 on $25 of items shipped by AmazonOr fastest delivery Sun, Nov 20|",B083JD3NT7,https://m.media-amazon.com/images/I/713GBLqT9bL._AC_UL320_.jpg
1723,https://www.amazon.com/OGX-Conditioner-Sustainable-Ingredients-Strengthening/dp/B002KG4EJK/ref=sr_1_10?crid=MWL2ZV9SHJXK&keywords=conditioner&qid=1668802711&sprefix=conditioner%2Caps%2C101&sr=8-10,"OGX Nourishing + Coconut Milk Moisturizing Conditioner for Strong & Healthy Hair, with Coconut Milk, Coconut Oil & Egg White Protein, Paraben-Free, Sulfate-Free Surfactants, 25.4 fl oz",25.4 Fl Oz (Pack of 1),4.7 out of 5 stars,"11,726",$10.85,"FREE delivery Fri, Nov 25 on $25 of items shipped by AmazonOr fastest delivery Sun, Nov 20|",B002KG4EJK,https://m.media-amazon.com/images/I/61SKJz190rL._AC_UL320_.jpg
1724,https://www.amazon.com/Renpure-Biotin-Collagen-Conditioner-Ounce/dp/B00TYAGMRW/ref=sr_1_11?crid=MWL2ZV9SHJXK&keywords=conditioner&qid=1668802711&sprefix=conditioner%2Caps%2C101&sr=8-11,"Renpure Originals Biotin & Collagen Thickening Conditioner, 32 Fl Oz (Pack of 1)",32 Fl Oz (Pack of 1),4.5 out of 5 stars,"11,801",$5.33,"FREE delivery Fri, Nov 25 on $25 of items shipped by AmazonOr fastest delivery Sun, Nov 20|",B00TYAGMRW,https://m.media-amazon.com/images/I/61dVuWqnR3L._AC_UL320_.jpg
1725,https://www.amazon.com/Herbal-Essences-Smooth-collection-conditioner/dp/B084LJ45YN/ref=sr_1_12?crid=MWL2ZV9SHJXK&keywords=conditioner&qid=1668802711&sprefix=conditioner%2Caps%2C101&sr=8-12,"Herbal Essences Smooth collection conditioner, 29.2 fl oz, 29.2 Fl Oz",29.2 Fl Oz (Pack of 1),4.7 out of 5 stars,"1,902",$9.97,"FREE delivery Fri, Nov 25 on $25 of items shipped by AmazonOr fastest delivery Sun, Nov 20|",B084LJ45YN,https://m.media-amazon.com/images/I/81z-5xr+KvL._AC_UL320_.jpg
1726,https://www.amazon.com/Aussie-Conditioner-Avocado-Paraben-Miracle/dp/B07NR2B9HS/ref=sr_1_13?crid=MWL2ZV9SHJXK&keywords=conditioner&qid=1668802711&sprefix=conditioner%2Caps%2C101&sr=8-13,"Aussie Deep Conditioner For Dry Hair with Avocado, Paraben Free, 3 Minute Miracle Moist, 16 Fl Oz Each, Triple Pack",16 Fl Oz (Pack of 3),4.8 out of 5 stars,"7,732",$14.97,"FREE delivery Fri, Nov 25 on $25 of items shipped by AmazonOr fastest delivery Sun, Nov 20|",B07NR2B9HS,https://m.media-amazon.com/images/I/81hGBd+bRIL._AC_UL320_.jpg
1727,https://www.amazon.com/LOreal-Paris-EverPure-Conditioner-Highlighted/dp/B07P6FXF4N/ref=sxin_24_cpf_saw-CPFPecos-dsk-lmlk-asin?content-id=amzn1.sym.0f1b45b9-2ef3-449d-8dec-0cc7749915dc%3Aamzn1.sym.0f1b45b9-2ef3-449d-8dec-0cc7749915dc&crid=MWL2ZV9SHJXK&cv_ct_cx=conditioner&keywords=conditioner&pd_rd_i=B07P6FXF4N&pd_rd_r=8c6bce99-d4ff-4871-a998-0e7797ff8949&pd_rd_w=ELeAI&pd_rd_wg=dvDcZ&pf_rd_p=0f1b45b9-2ef3-449d-8dec-0cc7749915dc&pf_rd_r=F0S1F5PWZJQWY198D3RS&qid=1668802711&sprefix=conditioner%2Caps%2C101&sr=1-1-88bb4e7b-fb79-43dc-9dec-6da196f88672,"L'Oreal Paris EverPure Sulfate Free Brass Toning Purple Conditioner for Blonde, Bleached, Silver, or Brown Highlighted Hair, 6.8 Fl; Oz (Packaging May Vary)","Shop products with sustainability certifications, as part of our commitment to help preserve the natural world. Time is fleeting.",4.4 out of 5 stars|4.6 out of 5 stars|4.7 out of 5 stars|4.6 out of 5 stars|4.7 out of 5 stars|4.6 out of 5 stars|4.7 out of 5 stars|4.6 out of 5 stars,"54,919|32,590|14,364|12,741|11,278|11,216|10,043|9,030",$7.83,"Climate Pledge Friendly|Climate Pledge Friendly|Climate Pledge Friendly|<img alt="""" src=""https://m.media-amazon.com/images/I/216-OX9rBaL._SS200_.png"" height=""50px"" width=""50px""/>  Climate Pledge Friendly|<img alt="""" src=""https://m.media-amazon.com/images/I/216-OX9rBaL._SS200_.png"" height=""50px"" width=""50px""/>  Climate Pledge Friendly|<img alt="""" src=""https://m.media-amazon.com/images/I/41J16pJqXZL._SS200_.jpg"" height=""50px"" width=""50px""/> Cradle to Cradle Certified|Climate Pledge Friendly|Climate Pledge Friendly|Climate Pledge Friendly|<img alt="""" src=""https://m.media-amazon.com/images/I/216-OX9rBaL._SS200_.png"" height=""50px"" width=""50px""/>  Climate Pledge Friendly|<img alt="""" src=""https://m.media-amazon.com/images/I/216-OX9rBaL._SS200_.png"" height=""50px"" width=""50px""/>  Climate Pledge Friendly|<img alt="""" src=""https://m.media-amazon.com/images/I/41J16pJqXZL._SS200_.jpg"" height=""50px"" width=""50px""/> Cradle to Cradle Certified|Climate Pledge Friendly|Climate Pledge Friendly|Climate Pledge Friendly|<img alt="""" src=""https://m.media-amazon.com/images/I/216-OX9rBaL._SS200_.png"" height=""50px"" width=""50px""/>  Climate Pledge Friendly|<img alt="""" src=""https://m.media-amazon.com/images/I/216-OX9rBaL._SS200_.png"" height=""50px"" width=""50px""/>  Climate Pledge Friendly|<img alt="""" src=""https://m.media-amazon.com/images/I/41J16pJqXZL._SS200_.jpg"" height=""50px"" width=""50px""/> Cradle to Cradle Certified|Climate Pledge Friendly|Climate Pledge Friendly|Climate Pledge Friendly|<img alt="""" src=""https://m.media-amazon.com/images/I/216-OX9rBaL._SS200_.png"" height=""50px"" width=""50px""/>  Climate Pledge Friendly|<img alt="""" src=""https://m.media-amazon.com/images/I/216-OX9rBaL._SS200_.png"" height=""50px"" width=""50px""/>  Climate Pledge Friendly|<img alt="""" src=""https://m.media-amazon.com/images/I/41J16pJqXZL._SS200_.jpg"" height=""50px"" width=""50px""/> Cradle to Cradle Certified|Climate Pledge Friendly|Climate Pledge Friendly|Climate Pledge Friendly|<img alt="""" src=""https://m.media-amazon.com/images/I/216-OX9rBaL._SS200_.png"" height=""50px"" width=""50px""/>  Climate Pledge Friendly|<img alt="""" src=""https://m.media-amazon.com/images/I/216-OX9rBaL._SS200_.png"" height=""50px"" width=""50px""/>  Climate Pledge Friendly|<img alt="""" src=""https://m.media-amazon.com/images/I/41J16pJqXZL._SS200_.jpg"" height=""50px"" width=""50px""/> Cradle to Cradle Certified|Climate Pledge Friendly|Climate Pledge Friendly|Climate Pledge Friendly|<img alt="""" src=""https://m.media-amazon.com/images/I/216-OX9rBaL._SS200_.png"" height=""50px"" width=""50px""/>  Climate Pledge Friendly|<img alt="""" src=""https://m.media-amazon.com/images/I/216-OX9rBaL._SS200_.png"" height=""50px"" width=""50px""/>  Climate Pledge Friendly|<img alt="""" src=""https://m.media-amazon.com/images/I/41J16pJqXZL._SS200_.jpg"" height=""50px"" width=""50px""/> Cradle to Cradle Certified|Climate Pledge Friendly|Climate Pledge Friendly|Climate Pledge Friendly|<img alt="""" src=""https://m.media-amazon.com/images/I/216-OX9rBaL._SS200_.png"" height=""50px"" width=""50px""/>  Climate Pledge Friendly|<img alt="""" src=""https://m.media-amazon.com/images/I/216-OX9rBaL._SS200_.png"" height=""50px"" width=""50px""/>  Climate Pledge Friendly|<img alt="""" src=""https://m.media-amazon.com/images/I/41J16pJqXZL._SS200_.jpg"" height=""50px"" width=""50px""/> Cradle to Cradle Certified|Climate Pledge Friendly|Climate Pledge Friendly|Climate Pledge Friendly|<img alt="""" src=""https://m.media-amazon.com/images/I/216-OX9rBaL._SS200_.png"" height=""50px"" width=""50px""/>  Climate Pledge Friendly|<img alt="""" src=""https://m.media-amazon.com/images/I/216-OX9rBaL._SS200_.png"" height=""50px"" width=""50px""/>  Climate Pledge Friendly|<img alt="""" src=""https://m.media-amazon.com/images/I/41J16pJqXZL._SS200_.jpg"" height=""50px"" width=""50px""/> Cradle to Cradle Certified",,https://m.media-amazon.com/images/I/713z5MRmGkL._AC_UL320_.jpg|https://m.media-amazon.com/images/I/216-OX9rBaL._SS200_.png|||https://m.media-amazon.com/images/I/71vFOfKK4WL._AC_UL320_.jpg|https://m.media-amazon.com/images/I/216-OX9rBaL._SS200_.png|||https://m.media-amazon.com/images/I/61SupNyKKaS._AC_UL320_.jpg|https://m.media-amazon.com/images/I/216-OX9rBaL._SS200_.png|||https://m.media-amazon.com/images/I/51UwYYhTFqS._AC_UL320_.jpg|https://m.media-amazon.com/images/I/216-OX9rBaL._SS200_.png|||https://m.media-amazon.com/images/I/71FKDQkZTBL._AC_UL320_.jpg|https://m.media-amazon.com/images/I/216-OX9rBaL._SS200_.png|||https://m.media-amazon.com/images/I/715FRGrlpDL._AC_UL320_.jpg|https://m.media-amazon.com/images/I/216-OX9rBaL._SS200_.png|||https://m.media-amazon.com/images/I/71g4z-tEzTL._AC_UL320_.jpg|https://m.media-amazon.com/images/I/216-OX9rBaL._SS200_.png|||https://m.media-amazon.com/images/I/613pg4vQUJS._AC_UL320_.jpg|https://m.media-amazon.com/images/I/216-OX9rBaL._SS200_.png||
1730,https://www.amazon.com/Renpure-Coconut-Cream-Nourishing-Conditioner/dp/B00MBOWQBY/ref=sr_1_14?crid=MWL2ZV9SHJXK&keywords=conditioner&qid=1668802711&sprefix=conditioner%2Caps%2C101&sr=8-14,"Renpure Coconut Cream Nourishing Conditioner, 32 Ounce",32 Fl Oz (Pack of 1),4.5 out of 5 stars,"6,452",$5.33,"FREE delivery Fri, Nov 25 on $25 of items shipped by AmazonOr fastest delivery Sun, Nov 20|",B00MBOWQBY,https://m.media-amazon.com/images/I/61G88pnVzqL._AC_UL320_.jpg
1731,https://www.amazon.com/Nexxus-Humectress-Ultimate-Moisture-Conditioner/dp/B000GFZWE8/ref=sr_1_15?crid=MWL2ZV9SHJXK&keywords=conditioner&qid=1668802711&sprefix=conditioner%2Caps%2C101&sr=8-15,Nexxus Humectress Moisturizing Conditioner for Dry Hair Ultimate Moisture Moisturizing ProteinFusion with Elastin Protein and Green Caviar 33.8 oz,33.8 Fl Oz (Pack of 1),4.7 out of 5 stars,"6,350",$19.99,"FREE delivery Fri, Nov 25 on $25 of items shipped by Amazon|",B000GFZWE8,https://m.media-amazon.com/images/I/61rpxhRfEkL._AC_UL320_.jpg
1732,https://www.amazon.com/OGX-Strength-Conditioner-Sulfate-Free-Surfactants/dp/B01MXGP5DM/ref=sr_1_16?crid=MWL2ZV9SHJXK&keywords=conditioner&qid=1668802711&sprefix=conditioner%2Caps%2C101&sr=8-16,"OGX Extra Strength Damage Remedy + Coconut Miracle Oil Conditioner for Dry, Frizzy or Coarse Hair, Hydrating & Flyaway Taming Conditioner, Paraben-Free, Sulfate-Free Surfactants, 13 fl oz",13 Fl Oz (Pack of 1),4.5 out of 5 stars,"16,415",$6.57,"FREE delivery Fri, Nov 25 on $25 of items shipped by AmazonOr fastest delivery Sun, Nov 20|",B01MXGP5DM,https://m.media-amazon.com/images/I/71lYSz02u1L._AC_UL320_.jpg
1733,https://www.amazon.com/sspa/click?ie=UTF8&spc=MTo2Mzk2OTIzNzk1OTI1MjI5OjE2Njg4MDI3MTE6c3BfbXRmOjIwMDA2MTMzNDY5MTQ5ODo6MDo6&url=%2FTRESemm%25C3%25A9-Conditioner-Professional-Salon-Healthy-Formulated%2Fdp%2FB08BTKN3P9%2Fref%3Dsr_1_17_sspa%3Fcrid%3DMWL2ZV9SHJXK%26keywords%3Dconditioner%26qid%3D1668802711%26sprefix%3Dconditioner%252Caps%252C101%26sr%3D8-17-spons%26sp_csd%3Dd2lkZ2V0TmFtZT1zcF9tdGY%26psc%3D1,"TRESemmé Conditioner for Dry Hair Moisture Rich Professional Quality Salon-Healthy Look and Shine Formulated with Vitamin E and Biotin, 28 Oz, 3 Count",Sponsored,4.7 out of 5 stars,"15,044",$17.37,"FREE delivery Fri, Nov 25 on $25 of items shipped by AmazonOr fastest delivery Sun, Nov 20|",B08BTKN3P9,https://m.media-amazon.com/images/I/81lJPp2bh4L._AC_UL320_.jpg
1734,https://www.amazon.com/sspa/click?ie=UTF8&spc=MTo2Mzk2OTIzNzk1OTI1MjI5OjE2Njg4MDI3MTE6c3BfbXRmOjIwMDA0OTAzNjc1OTQ2MTo6MDo6&url=%2FBloom-Conditioner-Weightless-Long-Lasting-Voluminous-Silicone-Free%2Fdp%2FB00IW2AU3A%2Fref%3Dsr_1_18_sspa%3Fcrid%3DMWL2ZV9SHJXK%26keywords%3Dconditioner%26qid%3D1668802711%26sprefix%3Dconditioner%252Caps%252C101%26sr%3D8-18-spons%26sp_csd%3Dd2lkZ2V0TmFtZT1zcF9tdGY%26psc%3D1,BIOLAGE Volume Bloom Conditioner | Volumizing Conditioner | Weightless Moisture For Long-Lasting Voluminous Hair | For Fine Hair | Paraben & Silicone-Free | Vegan ​ | 33.8 Fl. Oz.,Sponsored,4.7 out of 5 stars,"5,619",$25.50,"FREE delivery Fri, Nov 25 Or fastest delivery Sun, Nov 20|",B00IW2AU3A,https://m.media-amazon.com/images/I/51ieXiZdA8L._AC_UL320_.jpg
1735,https://www.amazon.com/sspa/click?ie=UTF8&spc=MTo2Mzk2OTIzNzk1OTI1MjI5OjE2Njg4MDI3MTE6c3BfbXRmOjIwMDA0OTAzNjc1OTU2MTo6MDo6&url=%2FBloom-Conditioner-Weightless-Long-Lasting-Voluminous-Silicone-Free%2Fdp%2FB00JAK905M%2Fref%3Dsr_1_19_sspa%3Fcrid%3DMWL2ZV9SHJXK%26keywords%3Dconditioner%26qid%3D1668802711%26sprefix%3Dconditioner%252Caps%252C101%26sr%3D8-19-spons%26sp_csd%3Dd2lkZ2V0TmFtZT1zcF9tdGY%26psc%3D1,BIOLAGE Volume Bloom Conditioner | Volumizing Conditioner | Weightless Moisture For Long-Lasting Voluminous Hair | For Fine Hair | Paraben & Silicone-Free | Vegan ​ | 13.5 Fl. Oz.,Sponsored,4.6 out of 5 stars,"1,811",$21.00,"FREE delivery Fri, Nov 25 on $25 of items shipped by AmazonOr fastest delivery Tue, Nov 22|",B00JAK905M,https://m.media-amazon.com/images/I/51HgtrRo7xL._AC_UL320_.jpg
1736,https://www.amazon.com/sspa/click?ie=UTF8&spc=MTo2Mzk2OTIzNzk1OTI1MjI5OjE2Njg4MDI3MTE6c3BfbXRmOjIwMDA0OTAzNTk5OTQ2MTo6MDo6&url=%2FBIOLAGE-Colorlast-Conditioner-Color-Treated-Hair%2Fdp%2FB00ILBUG40%2Fref%3Dsr_1_20_sspa%3Fcrid%3DMWL2ZV9SHJXK%26keywords%3Dconditioner%26qid%3D1668802711%26sprefix%3Dconditioner%252Caps%252C101%26sr%3D8-20-spons%26sp_csd%3Dd2lkZ2V0TmFtZT1zcF9tdGY%26psc%3D1,"BIOLAGE Color Last Conditioner | Helps Maintain Color Depth, Tone & Shine | Anti-Fade | For Color-Treated Hair | Paraben & Silicone-Free | Vegan​",Sponsored,4.7 out of 5 stars,"26,716",$37.00,"FREE delivery Fri, Nov 25 Or fastest delivery Sun, Nov 20|",B00ILBUG40,https://m.media-amazon.com/images/I/51ealjrBYyL._AC_UL320_.jpg
1737,https://www.amazon.com/Paris-Repairing-Conditioner-Damaged-Ceramide/dp/B0752CBW5T/ref=sr_1_21?crid=MWL2ZV9SHJXK&keywords=conditioner&qid=1668802711&sprefix=conditioner%2Caps%2C101&sr=8-21,L'Oreal Paris Elvive Total Repair 5 Repairing Conditioner for Damaged Hair Conditioner with Protein and Ceramide for Strong Silky Shiny Healthy Renewed Hair 28 Fl Oz,28 Fl Oz (Pack of 1),4.6 out of 5 stars,"8,940",$6.99,"FREE delivery Fri, Nov 25 on $25 of items shipped by AmazonOr fastest delivery Mon, Nov 21||Climate Pledge Friendly|Climate Pledge Friendly|Climate Pledge Friendly|<img alt="""" src=""https://m.media-amazon.com/images/I/216-OX9rBaL._SS200_.png"" height=""50px"" width=""50px""/>  Climate Pledge Friendly|<img alt="""" src=""https://m.media-amazon.com/images/I/216-OX9rBaL._SS200_.png"" height=""50px"" width=""50px""/>  Climate Pledge Friendly|<img alt="""" src=""https://m.media-amazon.com/images/I/41J16pJqXZL._SS200_.jpg"" height=""50px"" width=""50px""/> Cradle to Cradle Certified",B0752CBW5T,https://m.media-amazon.com/images/I/51q26pnu6YS._AC_UL320_.jpg|https://m.media-amazon.com/images/I/216-OX9rBaL._SS200_.png||
1738,https://www.amazon.com/Conditioner-Biotin-Collagen-OGX-Organix/dp/B01E9CSI44/ref=sr_1_22?crid=MWL2ZV9SHJXK&keywords=conditioner&qid=1668802711&sprefix=conditioner%2Caps%2C101&sr=8-22,"OGX Thick & Full + Biotin & Collagen Conditioner, Salon Size, 25.4 Fl Oz",25.4 Fl Oz (Pack of 1),4.6 out of 5 stars,"6,971",$9.84,"FREE delivery Fri, Nov 25 on $25 of items shipped by AmazonOr fastest delivery Sun, Nov 20|",B01E9CSI44,https://m.media-amazon.com/images/I/71XlfyPJebL._AC_UL320_.jpg
1739,https://www.amazon.com/OGX-Renewing-Conditioner-Sulfate-Free-Surfactants/dp/B008G8G4KI/ref=sr_1_23?crid=MWL2ZV9SHJXK&keywords=conditioner&qid=1668802711&sprefix=conditioner%2Caps%2C101&sr=8-23,"OGX Renewing + Argan Oil of Morocco Conditioner, 25.4 Ounce Salon Size",25.4 Fl Oz (Pack of 1),4.7 out of 5 stars,"2,000",$9.84,"FREE delivery Fri, Nov 25 on $25 of items shipped by Amazon|",B008G8G4KI,https://m.media-amazon.com/images/I/71V0mFdW3fL._AC_UL320_.jpg
1740,https://www.amazon.com/Moroccan-Oil-Hydrating-Conditioner-Ounce/dp/B0098QQ88U/ref=sr_1_24?crid=MWL2ZV9SHJXK&keywords=conditioner&qid=1668802711&sprefix=conditioner%2Caps%2C101&sr=8-24,Moroccanoil Hydrating Conditioner,8.5 Fl Oz (Pack of 1),4.6 out of 5 stars,"17,352",$26.00,"FREE delivery Fri, Nov 25 Or fastest delivery Sun, Nov 20|",B0098QQ88U,https://m.media-amazon.com/images/I/611giXsb6DL._AC_UL320_.jpg
1741,https://www.amazon.com/Amazon-Basics-Moisture-Conditioner-Fluid/dp/B09HHHH8B3/ref=sr_1_25?crid=MWL2ZV9SHJXK&keywords=conditioner&qid=1668802711&sprefix=conditioner%2Caps%2C101&sr=8-25,"Amazon Basics Moisture Rich Conditioner, 28 Fluid Ounce",28 Fl Oz (Pack of 1),4.4 out of 5 stars,442,$5.39,"FREE delivery Fri, Nov 25 on $25 of items shipped by AmazonOr fastest delivery Sun, Nov 20|",B09HHHH8B3,https://m.media-amazon.com/images/I/61v74ks5eOL._AC_UL320_.jpg
1742,https://www.amazon.com/Garnier-Fructis-Clean-Conditioner-Packaging/dp/B07BVTWTKK/ref=sr_1_26?crid=MWL2ZV9SHJXK&keywords=conditioner&qid=1668802711&sprefix=conditioner%2Caps%2C101&sr=8-26,"Garnier Hair Care Fructis Pure Clean Conditioner, 12 Fl Oz (Pack of 3) - Packaging May Vary",12.5 Fl Oz (Pack of 3),4.7 out of 5 stars,"1,187",$9.87,"FREE delivery Fri, Nov 25 on $25 of items shipped by AmazonOr fastest delivery Sun, Nov 20||Climate Pledge Friendly|Climate Pledge Friendly|Climate Pledge Friendly|<img alt="""" src=""https://m.media-amazon.com/images/I/216-OX9rBaL._SS200_.png"" height=""50px"" width=""50px""/>  Climate Pledge Friendly|<img alt="""" src=""https://m.media-amazon.com/images/I/216-OX9rBaL._SS200_.png"" height=""50px"" width=""50px""/>  Climate Pledge Friendly|<img alt="""" src=""https://m.media-amazon.com/images/I/41J16pJqXZL._SS200_.jpg"" height=""50px"" width=""50px""/> Cradle to Cradle Certified",B07BVTWTKK,https://m.media-amazon.com/images/I/81UEN44aWkL._AC_UL320_.jpg|https://m.media-amazon.com/images/I/216-OX9rBaL._SS200_.png||
1743,https://www.amazon.com/Hydrating-Argan-Conditioner-Arvazallia-Damaged/dp/B00I32AN4K/ref=sr_1_27?crid=MWL2ZV9SHJXK&keywords=conditioner&qid=1668802711&sprefix=conditioner%2Caps%2C101&sr=8-27,Hydrating Argan Oil Hair Mask and Deep Conditioner By Arvazallia for Dry or Damaged Hair - 8.45 Oz,8.45 Fl Oz (Pack of 1),4.5 out of 5 stars,"45,448",$12.95,"FREE delivery Fri, Nov 25 on $25 of items shipped by AmazonOr fastest delivery Sun, Nov 20||Small Business|Small Business|Small Business|<img alt="""" src=""https://m.media-amazon.com/images/I/111mHoVK0kL._SS200_.png"" height=""50px"" width=""50px""/>  Small Business|<img alt="""" src=""https://m.media-amazon.com/images/I/111mHoVK0kL._SS200_.png"" height=""50px"" width=""50px""/>  Small Business",B00I32AN4K,https://m.media-amazon.com/images/I/71HB8ShCY5L._AC_UL320_.jpg|https://m.media-amazon.com/images/I/111mHoVK0kL._SS200_.png|
1744,https://www.amazon.com/Aveeno-Scalp-Soothing-Blend-Conditioner/dp/B07HMP3CYT/ref=sr_1_28?crid=MWL2ZV9SHJXK&keywords=conditioner&qid=1668802711&sprefix=conditioner%2Caps%2C101&sr=8-28,"Aveeno Farm-Fresh Oat Milk Sulfate-Free Conditioner with Colloidal Oatmeal & Almond Milk, Scalp Soothing & Moisturizing Daily Conditioner for All Hair Types, Paraben & Dye-Free, 12 Fl Oz",12 Fl Oz (Pack of 1),4.5 out of 5 stars,"2,340",$6.99,"FREE delivery Fri, Nov 25 on $25 of items shipped by AmazonOr fastest delivery Tue, Nov 22|",B07HMP3CYT,https://m.media-amazon.com/images/I/718XCCzk2eL._AC_UL320_.jpg
1745,https://www.amazon.com/BIOLAGE-Ultra-Hydrasource-Conditioner-Very/dp/B00L01DEII/ref=sr_1_29?crid=MWL2ZV9SHJXK&keywords=conditioner&qid=1668802711&sprefix=conditioner%2Caps%2C101&sr=8-29,BIOLAGE Ultra Hydrasource Conditioner | Anti-Frizz Deep Conditioner Renews Hair's Moisture | Silicone-Free | For Very Dry Hair,33.8 Fl Oz,4.7 out of 5 stars,"19,140",$37.00,"FREE delivery Fri, Nov 25 Or fastest delivery Sun, Nov 20|",B00L01DEII,https://m.media-amazon.com/images/I/51hzq-4MUpL._AC_UL320_.jpg
1746,https://www.amazon.com/Urban-Antidotes-Renergize-Conditioner-25-36/dp/B003RPCEW2/ref=sr_1_30?crid=MWL2ZV9SHJXK&keywords=conditioner&qid=1668802711&sprefix=conditioner%2Caps%2C101&sr=8-30,"Tigi Bed Head Urban Antidotes Renergize Conditioner, 25.36 Fl Oz",25.36 Fl Oz (Pack of 1),4.7 out of 5 stars,"1,811",$10.21,"FREE delivery Fri, Nov 25 on $25 of items shipped by AmazonOr fastest delivery Sun, Nov 20|",B003RPCEW2,https://m.media-amazon.com/images/I/41nB9l+NbCL._AC_UL320_.jpg
1747,https://www.amazon.com/OGX-Hydrating-Teatree-Conditioner-Salon/dp/B004OTDIVQ/ref=sr_1_31?crid=MWL2ZV9SHJXK&keywords=conditioner&qid=1668802711&sprefix=conditioner%2Caps%2C101&sr=8-31,"OGX Hydrating + Tea Tree Mint Conditioner, Nourishing & Invigorating Scalp Conditioner with Tea Tree & Peppermint Oil & Milk Proteins, Paraben-Free, Sulfate-Free Surfactants, 25.4 fl oz",25.4 Fl Oz (Pack of 1),4.6 out of 5 stars,"1,248",$10.88,"FREE delivery Fri, Nov 25 on $25 of items shipped by AmazonOr fastest delivery Sun, Nov 20|",B004OTDIVQ,https://m.media-amazon.com/images/I/71EijXJmilL._AC_UL320_.jpg
1748,https://www.amazon.com/Hair-Food-Conditioner-Smoothing-Treatment/dp/B07JHSKHYQ/ref=sr_1_32?crid=MWL2ZV9SHJXK&keywords=conditioner&qid=1668802711&sprefix=conditioner%2Caps%2C101&sr=8-32,"Hair Food Sulfate Free Conditioner, Dye Free Smoothing Treatment with Argan Oil and Avocado, 17.9 Fl Oz",17.9 Fl Oz (Pack of 1),4.6 out of 5 stars,"6,203",$11.99,"FREE delivery Fri, Nov 25 on $25 of items shipped by AmazonOr fastest delivery Sun, Nov 20|",B07JHSKHYQ,https://m.media-amazon.com/images/I/71BzLl-IgIL._AC_UL320_.jpg
1749,https://www.amazon.com/sspa/click?ie=UTF8&spc=MTo2Mzk2OTIzNzk1OTI1MjI5OjE2Njg4MDI3MTE6c3BfbXRmOjIwMDA1ODY3MDgyMjQ5ODo6MDo6&url=%2FSheaMoisture-Manuka-Intensive-Hydration-Conditioner%2Fdp%2FB00OVQO66S%2Fref%3Dsr_1_33_sspa%3Fcrid%3DMWL2ZV9SHJXK%26keywords%3Dconditioner%26qid%3D1668802711%26sprefix%3Dconditioner%252Caps%252C101%26sr%3D8-33-spons%26sp_csd%3Dd2lkZ2V0TmFtZT1zcF9tdGY%26psc%3D1,"SheaMoisture Conditioner Intensive Hydration for Dry, Damaged Hair Manuka Honey and Mafura Oil to Nourish and Soften Hair 13 oz",Sponsored,4.6 out of 5 stars,"9,011",$10.79,"FREE delivery Fri, Nov 25 on $25 of items shipped by AmazonOr fastest delivery Sun, Nov 20|",B00OVQO66S,https://m.media-amazon.com/images/I/719-BcGGzmL._AC_UL320_.jpg
1750,https://www.amazon.com/sspa/click?ie=UTF8&spc=MTo2Mzk2OTIzNzk1OTI1MjI5OjE2Njg4MDI3MTE6c3BfbXRmOjIwMDA3MzI5MDUyNzMzMTo6MDo6&url=%2FMatrix-Total-Results-Sleek-Conditioner%2Fdp%2FB01ACFT6GQ%2Fref%3Dsr_1_34_sspa%3Fcrid%3DMWL2ZV9SHJXK%26keywords%3Dconditioner%26qid%3D1668802711%26sprefix%3Dconditioner%252Caps%252C101%26sr%3D8-34-spons%26sp_csd%3Dd2lkZ2V0TmFtZT1zcF9tdGY%26psc%3D1,MATRIX Total Results Mega Sleek Conditioner | Controls Frizz Leaving Hair Smooth & Shiny | With Shea Butter | For Unruly Hair,Sponsored,4.6 out of 5 stars,"8,400",$30.00,"FREE delivery Fri, Nov 25 Or fastest delivery Sun, Nov 20|",B01ACFT6GQ,https://m.media-amazon.com/images/I/61lWPiJosEL._AC_UL320_.jpg
1751,https://www.amazon.com/sspa/click?ie=UTF8&spc=MTo2Mzk2OTIzNzk1OTI1MjI5OjE2Njg4MDI3MTE6c3BfbXRmOjIwMDAzNTYxMDYxNDg5ODo6MDo6&url=%2FNexxus-Humectress-Ultimate-Moisture-Conditioner%2Fdp%2FB000GFZWE8%2Fref%3Dsr_1_35_sspa%3Fcrid%3DMWL2ZV9SHJXK%26keywords%3Dconditioner%26qid%3D1668802711%26sprefix%3Dconditioner%252Caps%252C101%26sr%3D8-35-spons%26sp_csd%3Dd2lkZ2V0TmFtZT1zcF9tdGY%26psc%3D1,Nexxus Humectress Moisturizing Conditioner for Dry Hair Ultimate Moisture Moisturizing ProteinFusion with Elastin Protein and Green Caviar 33.8 oz,Sponsored,4.7 out of 5 stars,"6,350",$19.99,"FREE delivery Fri, Nov 25 on $25 of items shipped by Amazon|",B000GFZWE8,https://m.media-amazon.com/images/I/61rpxhRfEkL._AC_UL320_.jpg
1752,https://www.amazon.com/sspa/click?ie=UTF8&spc=MTo2Mzk2OTIzNzk1OTI1MjI5OjE2Njg4MDI3MTE6c3BfbXRmOjIwMDA0OTAzNTk5OTY2MTo6MDo6&url=%2FBIOLAGE-Ultra-Hydrasource-Conditioner-Very%2Fdp%2FB00L01DEII%2Fref%3Dsr_1_36_sspa%3Fcrid%3DMWL2ZV9SHJXK%26keywords%3Dconditioner%26qid%3D1668802711%26sprefix%3Dconditioner%252Caps%252C101%26sr%3D8-36-spons%26sp_csd%3Dd2lkZ2V0TmFtZT1zcF9tdGY%26psc%3D1,BIOLAGE Ultra Hydrasource Conditioner | Anti-Frizz Deep Conditioner Renews Hair's Moisture | Silicone-Free | For Very Dry Hair,Sponsored,4.7 out of 5 stars,"19,140",$37.00,"FREE delivery Fri, Nov 25 Or fastest delivery Sun, Nov 20|",B00L01DEII,https://m.media-amazon.com/images/I/51hzq-4MUpL._AC_UL320_.jpg
1753,https://www.amazon.com/SheaMoisture-Manuka-Intensive-Hydration-Conditioner/dp/B00OVQO66S/ref=sr_1_37?crid=MWL2ZV9SHJXK&keywords=conditioner&qid=1668802711&sprefix=conditioner%2Caps%2C101&sr=8-37,"SheaMoisture Conditioner Intensive Hydration for Dry, Damaged Hair Manuka Honey and Mafura Oil to Nourish and Soften Hair 13 oz",13 Fl Oz (Pack of 1),4.6 out of 5 stars,"9,011",$10.79,"FREE delivery Fri, Nov 25 on $25 of items shipped by AmazonOr fastest delivery Sun, Nov 20|",B00OVQO66S,https://m.media-amazon.com/images/I/719-BcGGzmL._AC_UL320_.jpg
1754,https://www.amazon.com/Moroccan-Argan-Conditioner-Sulfate-Organic/dp/B075CXMXFY/ref=sr_1_38?crid=MWL2ZV9SHJXK&keywords=conditioner&qid=1668802711&sprefix=conditioner%2Caps%2C101&sr=8-38,"Moroccan Argan Oil Conditioner SLS Sulfate Free - Best Hair Conditioner for Damaged, Dry, Curly or Frizzy Hair - Thickening for Fine / Thin Hair, Safe for Color and Keratin Treated Hair",16 Fl Oz (Pack of 1),4.5 out of 5 stars,"5,221",$15.99,"FREE delivery Fri, Nov 25 on $25 of items shipped by AmazonOr fastest delivery Sun, Nov 20|",B075CXMXFY,https://m.media-amazon.com/images/I/71bK9jmKMCL._AC_UL320_.jpg
1755,https://www.amazon.com/Conditioner-Brittle-Moisturizes-Provides-Softness/dp/B08SSCQH77/ref=sr_1_39?crid=MWL2ZV9SHJXK&keywords=conditioner&qid=1668802711&sprefix=conditioner%2Caps%2C101&sr=8-39,Redken All Soft Conditioner | For Dry/Brittle Hair | Moisturizes & Provides Intense Softness | With Argan Oil,10.1 Fl Oz (Pack of 1),4.7 out of 5 stars,"14,364",$24.00,"FREE delivery Fri, Nov 25 on $25 of items shipped by AmazonOr fastest delivery Sun, Nov 20||Climate Pledge Friendly|Climate Pledge Friendly|Climate Pledge Friendly|<img alt="""" src=""https://m.media-amazon.com/images/I/216-OX9rBaL._SS200_.png"" height=""50px"" width=""50px""/>  Climate Pledge Friendly|<img alt="""" src=""https://m.media-amazon.com/images/I/216-OX9rBaL._SS200_.png"" height=""50px"" width=""50px""/>  Climate Pledge Friendly|<img alt="""" src=""https://m.media-amazon.com/images/I/41J16pJqXZL._SS200_.jpg"" height=""50px"" width=""50px""/> Cradle to Cradle Certified",B08SSCQH77,https://m.media-amazon.com/images/I/812sk8IiaaL._AC_UL320_.jpg|https://m.media-amazon.com/images/I/216-OX9rBaL._SS200_.png||
1756,https://www.amazon.com/Vanicream-Hair-Conditioner-12-Gluten-Free/dp/B0033041GI/ref=sr_1_40?crid=MWL2ZV9SHJXK&keywords=conditioner&qid=1668802711&sprefix=conditioner%2Caps%2C101&sr=8-40,"Vanicream Hair Conditioner -12 fl oz – Unscented, Gluten-Free Formula Leaves Sensitive Scalp Feeling Renewed",12 Fl Oz (Pack of 1),4.5 out of 5 stars,"5,818",$12.49,"FREE delivery Fri, Nov 25 on $25 of items shipped by AmazonOr fastest delivery Mon, Nov 21|",B0033041GI,https://m.media-amazon.com/images/I/41iX0vHSdAL._AC_UL320_.jpg
1757,https://www.amazon.com/OGX-Hydrate-Morocco-Strength-Conditioner/dp/B00QRSNW4U/ref=sr_1_41?crid=MWL2ZV9SHJXK&keywords=conditioner&qid=1668802711&sprefix=conditioner%2Caps%2C101&sr=8-41,"OGX Hydrate Plus Repair Argan Oil of Morocco Extra Strength Conditioner, 13 oz.",13 Fl Oz (Pack of 1),4.5 out of 5 stars,"7,257",$6.33,"FREE delivery Fri, Nov 25 on $25 of items shipped by AmazonOr fastest delivery Tue, Nov 22|",B00QRSNW4U,https://m.media-amazon.com/images/I/716W47n0AqL._AC_UL320_.jpg
1758,https://www.amazon.com/OGX-Conditioner-Paraben-Free-Sulfate-Free-Surfactants/dp/B00ADR6M2U/ref=sr_1_42?crid=MWL2ZV9SHJXK&keywords=conditioner&qid=1668802711&sprefix=conditioner%2Caps%2C101&sr=8-42,"OGX Thick & Full + Biotin & Collagen Volumizing Conditioner for Thin Hair, with Vitamin B7 & Hydrolyzed Wheat Protein, Paraben-Free, Sulfate-Free Surfactants, 13 fl oz",13 Fl Oz (Pack of 4),4.4 out of 5 stars,"3,462",$6.48,"FREE delivery Fri, Nov 25 on $25 of items shipped by AmazonOr fastest delivery Sun, Nov 20|",B00ADR6M2U,https://m.media-amazon.com/images/I/613ptZWrKTL._AC_UL320_.jpg
1759,https://www.amazon.com/Ginger-Lily-Farms-Botanicals-Conditioner/dp/B00DQSKQPC/ref=sr_1_43?crid=MWL2ZV9SHJXK&keywords=conditioner&qid=1668802711&sprefix=conditioner%2Caps%2C101&sr=8-43,"Ginger Lily Farms Botanicals Moisturizing Conditioner for All Hair Types, Coco Mango, 100% Vegan & Cruelty-Free, Coconut Mango Scent, 1 Gallon Refill",128 Fl Oz (Pack of 1),4.4 out of 5 stars,401,$24.99,"FREE delivery Fri, Nov 25 on $25 of items shipped by AmazonOr fastest delivery Sun, Nov 20|",B00DQSKQPC,https://m.media-amazon.com/images/I/51xlh70e3DS._AC_UL320_.jpg
1760,https://www.amazon.com/Herbal-Essences-Conditioner-BioRenew-Repairing/dp/B07NQ69L7P/ref=sr_1_44?crid=MWL2ZV9SHJXK&keywords=conditioner&qid=1668802711&sprefix=conditioner%2Caps%2C101&sr=8-44,"Herbal Essences Shampoo and Conditioner Set Repairing Argan Oil of Morocco with Natural Source Ingredients, Color Safe, BioRenew, 20.2 Fl Oz, 2 Count",2 Piece Set,4.6 out of 5 stars,"17,194",$11.00,FREE delivery Nov 22 - 23,B07NQ69L7P,https://m.media-amazon.com/images/I/81DvVl-25VL._AC_UL320_.jpg
1761,https://www.amazon.com/LOreal-Paris-Repairing-Conditioner-Conditoner/dp/B0842YG95G/ref=sr_1_45?crid=MWL2ZV9SHJXK&keywords=conditioner&qid=1668802711&sprefix=conditioner%2Caps%2C101&sr=8-45,"L'Oreal Paris Elvive Total Repair 5 Repairing Shampoo and Conditioner for Damaged Hair, 28 Ounce (Set of 2)",28 Fl Oz (Pack of 2),4.6 out of 5 stars,"18,079",$15.99,"FREE delivery Fri, Nov 25 on $25 of items shipped by AmazonOr fastest delivery Tue, Nov 22||Climate Pledge Friendly|Climate Pledge Friendly|Climate Pledge Friendly|<img alt="""" src=""https://m.media-amazon.com/images/I/216-OX9rBaL._SS200_.png"" height=""50px"" width=""50px""/>  Climate Pledge Friendly|<img alt="""" src=""https://m.media-amazon.com/images/I/216-OX9rBaL._SS200_.png"" height=""50px"" width=""50px""/>  Climate Pledge Friendly|<img alt="""" src=""https://m.media-amazon.com/images/I/41J16pJqXZL._SS200_.jpg"" height=""50px"" width=""50px""/> Cradle to Cradle Certified",B0842YG95G,https://m.media-amazon.com/images/I/61uP+3UFD6S._AC_UL320_.jpg|https://m.media-amazon.com/images/I/216-OX9rBaL._SS200_.png||
1762,https://www.amazon.com/Pureology-Hydrate-Moisturizing-Conditioner-Ounces/dp/B0891BBRHW/ref=sr_1_46?crid=MWL2ZV9SHJXK&keywords=conditioner&qid=1668802711&sprefix=conditioner%2Caps%2C101&sr=8-46,"Pureology Hydrate Moisturizing Conditioner | For Medium to Thick Dry, Color Treated Hair | Sulfate-Free | Vegan",9 Fl Oz (Pack of 1),4.7 out of 5 stars,"11,278",$35.00,"FREE delivery Fri, Nov 25||Climate Pledge Friendly|Climate Pledge Friendly|Climate Pledge Friendly|<img alt="""" src=""https://m.media-amazon.com/images/I/216-OX9rBaL._SS200_.png"" height=""50px"" width=""50px""/>  Climate Pledge Friendly|<img alt="""" src=""https://m.media-amazon.com/images/I/216-OX9rBaL._SS200_.png"" height=""50px"" width=""50px""/>  Climate Pledge Friendly|<img alt="""" src=""https://m.media-amazon.com/images/I/41J16pJqXZL._SS200_.jpg"" height=""50px"" width=""50px""/> Cradle to Cradle Certified",B0891BBRHW,https://m.media-amazon.com/images/I/71FKDQkZTBL._AC_UL320_.jpg|https://m.media-amazon.com/images/I/216-OX9rBaL._SS200_.png||
1763,https://www.amazon.com/Herbal-Essences-conditioner-colored-treated/dp/B084LJ3RX5/ref=sr_1_47?crid=MWL2ZV9SHJXK&keywords=conditioner&qid=1668802711&sprefix=conditioner%2Caps%2C101&sr=8-47,"Herbal Essences Color me happy conditioner for colored hair color treated hair, 29.2 fl oz, 29.2 Fl Oz",29.2 Fl Oz (Pack of 1),4.7 out of 5 stars,"1,355",$7.97,"FREE delivery Fri, Nov 25 on $25 of items shipped by AmazonOr fastest delivery Sun, Nov 20|",B084LJ3RX5,https://m.media-amazon.com/images/I/71bWaBO4JDL._AC_UL320_.jpg
1764,https://www.amazon.com/Aveda-Nutriplenish-Deep-Moisture-Conditioner/dp/B082Y69SXX/ref=sr_1_48?crid=MWL2ZV9SHJXK&keywords=conditioner&qid=1668802711&sprefix=conditioner%2Caps%2C101&sr=8-48,"Aveda Nutriplenish Deep Moisture Conditioner, 9 Fl Oz",8.5 Fl Oz (Pack of 1),4.6 out of 5 stars,339,$33.98,"FREE delivery Fri, Nov 25 Or fastest delivery Sun, Nov 20|",B082Y69SXX,https://m.media-amazon.com/images/I/61dazKJVUWL._AC_UL320_.jpg
1765,https://www.amazon.com/Bumble-Thickening-Conditioner-8-5/dp/B001078ADQ/ref=sr_1_49?crid=MWL2ZV9SHJXK&keywords=conditioner&qid=1668802711&sprefix=conditioner%2Caps%2C101&sr=8-49,"Bumble and Bumble Thickening Volume Conditioner, 8.5 Fl Oz",8.5 Fl Oz (Pack of 1),4.5 out of 5 stars,581,$29.99,"FREE delivery Fri, Nov 25 Or fastest delivery Mon, Nov 21|",B001078ADQ,https://m.media-amazon.com/images/I/51TiT9KQ6nL._AC_UL320_.jpg
1766,https://www.amazon.com/BIOLAGE-Colorlast-Conditioner-Color-Treated-Hair/dp/B00ILBUG40/ref=sr_1_50?crid=MWL2ZV9SHJXK&keywords=conditioner&qid=1668802711&sprefix=conditioner%2Caps%2C101&sr=8-50,"BIOLAGE Color Last Conditioner | Helps Maintain Color Depth, Tone & Shine | Anti-Fade | For Color-Treated Hair | Paraben & Silicone-Free | Vegan​",33.8 Fl Oz (Pack of 1),4.7 out of 5 stars,"26,716",$37.00,"FREE delivery Fri, Nov 25 Or fastest delivery Sun, Nov 20|",B00ILBUG40,https://m.media-amazon.com/images/I/51ealjrBYyL._AC_UL320_.jpg
1767,https://www.amazon.com/Moroccanoil-Smoothing-Conditioner-8-5-Fl/dp/B00LPR3ZS6/ref=sr_1_51?crid=MWL2ZV9SHJXK&keywords=conditioner&qid=1668802711&sprefix=conditioner%2Caps%2C101&sr=8-51,Moroccanoil Smoothing Conditioner,8.5 Fl Oz (Pack of 1),4.7 out of 5 stars,"2,746",$26.00,"FREE delivery Fri, Nov 25 Or fastest delivery Sun, Nov 20|",B00LPR3ZS6,https://m.media-amazon.com/images/I/616MC-ToOhL._AC_UL320_.jpg
1768,https://www.amazon.com/Amazon-Basics-Sleek-Conditioner-Damaged/dp/B09HHGVGQB/ref=sr_1_52?crid=MWL2ZV9SHJXK&keywords=conditioner&qid=1668802711&sprefix=conditioner%2Caps%2C101&sr=8-52,"Amazon Basics Soft & Sleek Conditioner for Dry or Damaged Hair, 28 Fluid Ounce",28 Fl Oz (Pack of 1),4.1 out of 5 stars,195,$5.94,"FREE delivery Fri, Nov 25 on $25 of items shipped by AmazonOr fastest delivery Sun, Nov 20|",B09HHGVGQB,https://m.media-amazon.com/images/I/61K+Z4uPPAL._AC_UL320_.jpg
1769,https://www.amazon.com/Love-Beauty-Planet-Conditioner-Silicone-Free/dp/B086CPK8JT/ref=sr_1_53?crid=MWL2ZV9SHJXK&keywords=conditioner&qid=1668802711&sprefix=conditioner%2Caps%2C101&sr=8-53,"Love Beauty And Planet Volume and Bounty Thickening Conditioner Hair Thickener for Fine Hair Coconut Water and Mimosa Flower Silicone-Free, Vegan, Volume Hair Products 32.3 oz",32.3 Fl Oz (Pack of 1),4.4 out of 5 stars,"4,483",$12.97,"FREE delivery Fri, Nov 25 on $25 of items shipped by AmazonOr fastest delivery Sun, Nov 20|",B086CPK8JT,https://m.media-amazon.com/images/I/71qPfAWtaLL._AC_UL320_.jpg
1770,https://www.amazon.com/Maui-Moisture-Conditioner-Lightweight-Build-Up/dp/B01MTJ4OBX/ref=sr_1_54?crid=MWL2ZV9SHJXK&keywords=conditioner&qid=1668802711&sprefix=conditioner%2Caps%2C101&sr=8-54,"Maui Moisture Nourish & Moisture + Coconut Milk Conditioner to Hydrate and Detangle Curly Hair, Lightweight Daily Moisturizing Conditioner, Vegan, Silicone & Paraben-Free, 13 fl oz",13 Fl Oz (Pack of 1),4.5 out of 5 stars,"3,010",$6.64,"FREE delivery Fri, Nov 25 on $25 of items shipped by AmazonOr fastest delivery Sun, Nov 20|",B01MTJ4OBX,https://m.media-amazon.com/images/I/719Y6fhKAeL._AC_UL320_.jpg
1771,https://www.amazon.com/Verb-Ghost-Conditioner-Protect-Detangle/dp/B075765K6M/ref=sr_1_55?crid=MWL2ZV9SHJXK&keywords=conditioner&qid=1668802711&sprefix=conditioner%2Caps%2C101&sr=8-55,"Verb Ghost Conditioner – Vegan Anti-Frizz Conditioner for Fine Hair – Weightless Moisturizing Conditioner – Sulfate Free, Paraben Free & Gluten Free Deep Conditioner with Moringa Oil",12 Fl Oz (Pack of 1),4.5 out of 5 stars,"2,463",$20.00,"FREE delivery Fri, Nov 25 on $25 of items shipped by AmazonOr fastest delivery Sun, Nov 20|",B075765K6M,https://m.media-amazon.com/images/I/61dlidGBHDL._AC_UL320_.jpg
1772,https://www.amazon.com/Dove-Nutritive-Solutions-Conditioner-Moisture/dp/B01INE0KOU/ref=sr_1_56?crid=MWL2ZV9SHJXK&keywords=conditioner&qid=1668802711&sprefix=conditioner%2Caps%2C101&sr=8-56,"Dove Nutritive Solutions Moisturizing Conditioner for Normal to Dry Hair Daily Moisture Deep Conditioner Detangles and Nourishes Dry Hair, 12 Fl Oz (Pack of 4)",12 Ounce (Pack of 4),4.8 out of 5 stars,"1,874",,,B01INE0KOU,https://m.media-amazon.com/images/I/81YGLvZjzML._AC_UL320_.jpg
1773,https://www.amazon.com/SheaMoisture-Coconut-Hibiscus-Conditioner-Sulfate/dp/B08PFGXWSR/ref=sr_1_57?crid=MWL2ZV9SHJXK&keywords=conditioner&qid=1668802711&sprefix=conditioner%2Caps%2C101&sr=8-57,"SheaMoisture Coconut and Hibiscus Conditioner for Dry Curly Hair Coconut and Hibiscus Sulfate Free Conditioner, 24 Fl Oz",24 Fl Oz (Pack of 1),4.7 out of 5 stars,579,$16.60,"FREE delivery Fri, Nov 25 on $25 of items shipped by AmazonOr fastest delivery Sun, Nov 20|",B08PFGXWSR,https://m.media-amazon.com/images/I/71Y2f7CBT6L._AC_UL320_.jpg
1774,https://www.amazon.com/PURA-DOR-Moisturizing-Conditioner-Ingredients/dp/B01AP9F7WQ/ref=sr_1_58?crid=MWL2ZV9SHJXK&keywords=conditioner&qid=1668802711&sprefix=conditioner%2Caps%2C101&sr=8-58,"PURA D'OR Deep Moisturizing Biotin Conditioner (16oz) Thickens, Softens, & Moisturizes Dry, Frizzy, Damaged Hair w/ Argan Oil, Pumpkin, Rosemary, Honeysuckle, Vitamin E, Men Women (Packaging may vary)",16 Fl Oz (Pack of 1),4.5 out of 5 stars,"2,632",$19.99,FREE delivery on $25 shipped by Amazon.,B01AP9F7WQ,https://m.media-amazon.com/images/I/71+WaAN969L._AC_UL320_.jpg
1775,https://www.amazon.com/Bloom-Conditioner-Weightless-Long-Lasting-Voluminous-Silicone-Free/dp/B00IW2AU3A/ref=sr_1_59?crid=MWL2ZV9SHJXK&keywords=conditioner&qid=1668802711&sprefix=conditioner%2Caps%2C101&sr=8-59,BIOLAGE Volume Bloom Conditioner | Volumizing Conditioner | Weightless Moisture For Long-Lasting Voluminous Hair | For Fine Hair | Paraben & Silicone-Free | Vegan ​ | 33.8 Fl. Oz.,33.8 Fl Oz (Pack of 1),4.7 out of 5 stars,"5,619",$25.50,"FREE delivery Fri, Nov 25 Or fastest delivery Sun, Nov 20|",B00IW2AU3A,https://m.media-amazon.com/images/I/51ieXiZdA8L._AC_UL320_.jpg
1776,https://www.amazon.com/Pureology-Conditioner-Color-Treated-Sulfate-Free-Packaging/dp/B0891BXHVV/ref=sr_1_60?crid=MWL2ZV9SHJXK&keywords=conditioner&qid=1668802711&sprefix=conditioner%2Caps%2C101&sr=8-60,"Pureology Pure Volume Conditioner | For Flat, Fine, Color-Treated Hair | Restores Volume & Movement | Sulfate-Free | Vegan",9 Fl Oz (Pack of 1),4.4 out of 5 stars,"2,262",$35.00,"FREE delivery Fri, Nov 25 Or fastest delivery Tue, Nov 22||Climate Pledge Friendly|Climate Pledge Friendly|Climate Pledge Friendly|<img alt="""" src=""https://m.media-amazon.com/images/I/216-OX9rBaL._SS200_.png"" height=""50px"" width=""50px""/>  Climate Pledge Friendly|<img alt="""" src=""https://m.media-amazon.com/images/I/216-OX9rBaL._SS200_.png"" height=""50px"" width=""50px""/>  Climate Pledge Friendly|<img alt="""" src=""https://m.media-amazon.com/images/I/41J16pJqXZL._SS200_.jpg"" height=""50px"" width=""50px""/> Cradle to Cradle Certified",B0891BXHVV,https://m.media-amazon.com/images/I/710dHt4aR+L._AC_UL320_.jpg|https://m.media-amazon.com/images/I/216-OX9rBaL._SS200_.png||
1777,https://aax-us-iad.amazon.com/x/c/RLR7i6goVKASBWhliEMfSFwAAAGEjGSPwgEAAAH2AQBOL0EgICAgICAgICAgICBOL0EgICAgICAgICAgICCiBxxB/https://www.amazon.com/dp/B001Q1YFE4?pd_rd_i=B001Q1YFE4&pf_rd_p=55defc4a-7c1e-47a7-8d1d-5cc458cca688&pf_rd_r=F0S1F5PWZJQWY198D3RS&pd_rd_wg=UCNNZ&pd_rd_w=tnCUB&pd_rd_r=0fe8de69-7165-4195-b987-bdec3e442e1a,"Tea Tree Lavender Mint Moisturizing Conditioner, Hydrates + Soothes, For Coarse + Dry Hair",Sponsored,4.7 out of 5 stars,"6,304",$49.00,"FREE delivery Fri, Nov 25 Or fastest delivery Tue, Nov 22|",,
1785,https://www.amazon.com/sspa/click?ie=UTF8&spc=MTo2NjAzNzY5MDkwODEwNTQ2OjE2Njg4MDI3MzA6c3BfYXRmOjIwMDA3OTgyMjk1ODI5ODo6MDo6&url=%2FPhysicians-Formula-Murumuru-Butter-Bronzer%2Fdp%2FB018B8Q5Z6%2Fref%3Dsr_1_1_sspa%3Fcrid%3D1NRLBT0TN12OY%26keywords%3Dbronzer%26qid%3D1668802730%26sprefix%3Dbronzer%252Caps%252C88%26sr%3D8-1-spons%26sp_csd%3Dd2lkZ2V0TmFtZT1zcF9hdGY%26psc%3D1,Physicians Formula Murumuru Butter Bronzer| Cream Shimmer Makeup| Bronzer,Sponsored,4.6 out of 5 stars,"34,940",$10.12,"FREE delivery Fri, Nov 25 on $25 of items shipped by AmazonOr fastest delivery Sun, Nov 20|",B018B8Q5Z6,https://m.media-amazon.com/images/I/916uZnx+vaL._AC_UL320_.jpg
1786,https://www.amazon.com/sspa/click?ie=UTF8&spc=MTo2NjAzNzY5MDkwODEwNTQ2OjE2Njg4MDI3MzA6c3BfYXRmOjIwMDA2MTY1NzAwMTg5ODo6MDo6&url=%2FLOreal-Paris-Infallible-Waterproof-sweatproof%2Fdp%2FB09S8Q1RRT%2Fref%3Dsr_1_2_sspa%3Fcrid%3D1NRLBT0TN12OY%26keywords%3Dbronzer%26qid%3D1668802730%26sprefix%3Dbronzer%252Caps%252C88%26sr%3D8-2-spons%26sp_csd%3Dd2lkZ2V0TmFtZT1zcF9hdGY%26psc%3D1,"L'Oreal Paris Infallible Up to 24H Fresh Wear Soft Matte Longwear Bronzer. Waterproof, heatproof, Transfer, humidity and sweatproof, Tan, 0.31 oz",Sponsored,4.4 out of 5 stars,358,$12.79,"FREE delivery Fri, Nov 25 on $25 of items shipped by AmazonOr fastest delivery Sun, Nov 20|",B09S8Q1RRT,https://m.media-amazon.com/images/I/81IfeSQYN6L._AC_UL320_.jpg
1787,https://www.amazon.com/sspa/click?ie=UTF8&spc=MTo2NjAzNzY5MDkwODEwNTQ2OjE2Njg4MDI3MzA6c3BfYXRmOjIwMDEwMTk2MTMwNDc5ODo6MDo6&url=%2FPhysicians-Formula-Butter-Makeup-Bronzer%2Fdp%2FB08RRKQTR7%2Fref%3Dsr_1_3_sspa%3Fcrid%3D1NRLBT0TN12OY%26keywords%3Dbronzer%26qid%3D1668802730%26sprefix%3Dbronzer%252Caps%252C88%26sr%3D8-3-spons%26sp_csd%3Dd2lkZ2V0TmFtZT1zcF9hdGY%26psc%3D1,"Physicians Formula Matte Monoi Butter Bronzer Matte Bronzer Powder Face Makeup, Dermatologist Tested, Bronzer",Sponsored,4.4 out of 5 stars,"1,201",$10.69,"FREE delivery Fri, Nov 25 on $25 of items shipped by AmazonOr fastest delivery Sun, Nov 20|",B08RRKQTR7,https://m.media-amazon.com/images/I/91yZFuTPQDL._AC_UL320_.jpg
1788,https://www.amazon.com/sspa/click?ie=UTF8&spc=MTo2NjAzNzY5MDkwODEwNTQ2OjE2Njg4MDI3MzA6c3BfYXRmOjIwMDAzMDc2NTE1OTc0MTo6MDo6&url=%2FPerricone-MD-Makeup-Bronzer-Spectrum%2Fdp%2FB07ZJKTPQ4%2Fref%3Dsr_1_4_sspa%3Fcrid%3D1NRLBT0TN12OY%26keywords%3Dbronzer%26qid%3D1668802730%26sprefix%3Dbronzer%252Caps%252C88%26sr%3D8-4-spons%26sp_csd%3Dd2lkZ2V0TmFtZT1zcF9hdGY%26psc%3D1,Perricone MD No Makeup Bronzer Broad Spectrum SPF 15 0.3 Ounce,Sponsored,4.1 out of 5 stars,285,$35.00,"FREE delivery Fri, Nov 25 Or fastest delivery Sun, Nov 20|",B07ZJKTPQ4,https://m.media-amazon.com/images/I/41yuVtmn9+L._AC_UL320_.jpg
1789,https://www.amazon.com/Physicians-Formula-Murumuru-Butter-Bronzer/dp/B018B8Q5Z6/ref=sr_1_5?crid=1NRLBT0TN12OY&keywords=bronzer&qid=1668802730&sprefix=bronzer%2Caps%2C88&sr=8-5,Physicians Formula Murumuru Butter Bronzer| Cream Shimmer Makeup| Bronzer,0.38 Ounce (Pack of 1),4.6 out of 5 stars,"34,940",$10.12,"FREE delivery Fri, Nov 25 on $25 of items shipped by AmazonOr fastest delivery Sun, Nov 20|",B018B8Q5Z6,https://m.media-amazon.com/images/I/916uZnx+vaL._AC_UL320_.jpg
1790,https://www.amazon.com/Rimmel-Natural-Bronzer-Sun-Bronze/dp/B001B0H82Q/ref=sr_1_6?crid=1NRLBT0TN12OY&keywords=bronzer&qid=1668802730&sprefix=bronzer%2Caps%2C88&sr=8-6,"Rimmel Natural Bronzer, Sun Bronze (34788724022)",0.49 Ounce (Pack of 1),4.4 out of 5 stars,"18,941",$3.50,"FREE delivery Fri, Nov 25 on $25 of items shipped by AmazonOr fastest delivery Sun, Nov 20||Climate Pledge Friendly|Climate Pledge Friendly|Climate Pledge Friendly|<img alt="""" src=""https://m.media-amazon.com/images/I/216-OX9rBaL._SS200_.png"" height=""50px"" width=""50px""/>  Climate Pledge Friendly|<img alt="""" src=""https://m.media-amazon.com/images/I/216-OX9rBaL._SS200_.png"" height=""50px"" width=""50px""/>  Climate Pledge Friendly|<img alt="""" src=""https://m.media-amazon.com/images/I/41Y2L-DZWfL._SS200_.png"" height=""50px"" width=""50px""/> Compact by Design (Certified by Amazon)",B001B0H82Q,https://m.media-amazon.com/images/I/41uRIV-H1cL._AC_UL320_.jpg|https://m.media-amazon.com/images/I/216-OX9rBaL._SS200_.png||
1791,https://www.amazon.com/NYX-PROFESSIONAL-MAKEUP-Bronzer-Medium/dp/B0072FSML0/ref=sr_1_7?crid=1NRLBT0TN12OY&keywords=bronzer&qid=1668802730&sprefix=bronzer%2Caps%2C88&sr=8-7,"NYX PROFESSIONAL MAKEUP Matte Bronzer, Medium",0.33 Ounce (Pack of 1),4.5 out of 5 stars,"11,455",$7.32,"FREE delivery Fri, Nov 25 on $25 of items shipped by AmazonOr fastest delivery Mon, Nov 21|",B0072FSML0,https://m.media-amazon.com/images/I/81snXznR+HL._AC_UL320_.jpg
1792,https://www.amazon.com/sspa/click?ie=UTF8&spc=MToyMTY3MTE4OTIzMzgxMDYyOjE2Njg4MDI3MzA6c3Bfc2VhcmNoX3RoZW1hdGljOjIwMDA2NDczOTM3NTc5ODo6MDo6&url=%2FCruelty-Free-Paraben-Free-Bronzing-Powder-Hanalei%2Fdp%2FB08X7KVVC1%2Fref%3Dsxin_15_pa_sp_search_thematic_sspa%3Fcontent-id%3Damzn1.sym.ee6a664f-a1c5-4f93-a61f-81d41af42efc%253Aamzn1.sym.ee6a664f-a1c5-4f93-a61f-81d41af42efc%26crid%3D1NRLBT0TN12OY%26cv_ct_cx%3Dbronzer%26keywords%3Dbronzer%26pd_rd_i%3DB08X7KVVC1%26pd_rd_r%3Dcec82672-9b0c-4909-8873-7161289d96dd%26pd_rd_w%3D2SYQi%26pd_rd_wg%3DH9Ots%26pf_rd_p%3Dee6a664f-a1c5-4f93-a61f-81d41af42efc%26pf_rd_r%3DX71AQ2Y2XGY9KRPP9QK4%26qid%3D1668802730%26sprefix%3Dbronzer%252Caps%252C88%26sr%3D1-1-cbc80bc4-104b-44f8-8e5c-6397d5250496-spons%26sp_csd%3Dd2lkZ2V0TmFtZT1zcF9zZWFyY2hfdGhlbWF0aWM%26psc%3D1,Hanalei Matte Bronzer Face Powder - Cruelty Free and Paraben Free Contour - Fine and Lightweight Powder for a Natural Sun-Kissed Glow 5g,Sponsored,4.3 out of 5 stars|4.7 out of 5 stars|4.6 out of 5 stars|4.6 out of 5 stars|4.2 out of 5 stars,"81|1,509|73|86|80",$15.99,"Small Business|Small Business|Small Business|<img alt="""" src=""https://m.media-amazon.com/images/I/111mHoVK0kL._SS200_.png"" height=""50px"" width=""50px""/>  Small Business|<img alt="""" src=""https://m.media-amazon.com/images/I/111mHoVK0kL._SS200_.png"" height=""50px"" width=""50px""/>  Small Business",,https://m.media-amazon.com/images/I/31XieHlMCqS._AC_UL320_.jpg|https://m.media-amazon.com/images/I/111mHoVK0kL._SS200_.png||https://m.media-amazon.com/images/I/61TrlQqqEnL._AC_UL320_.jpg|https://m.media-amazon.com/images/I/81Kzrs55cZL._AC_UL320_.jpg|https://m.media-amazon.com/images/I/91Xnw1+xqWL._AC_UL320_.jpg|https://m.media-amazon.com/images/I/51yl+CHo07L._AC_UL320_.jpg
1793,https://www.amazon.com/sspa/click?ie=UTF8&spc=MToyMTY3MTE4OTIzMzgxMDYyOjE2Njg4MDI3MzA6c3Bfc2VhcmNoX3RoZW1hdGljOjIwMDA2NDczOTM3NTc5ODo6MDo6&url=%2FCruelty-Free-Paraben-Free-Bronzing-Powder-Hanalei%2Fdp%2FB08X7KVVC1%2Fref%3Dsxin_15_pa_sp_search_thematic_sspa%3Fcontent-id%3Damzn1.sym.ee6a664f-a1c5-4f93-a61f-81d41af42efc%253Aamzn1.sym.ee6a664f-a1c5-4f93-a61f-81d41af42efc%26crid%3D1NRLBT0TN12OY%26cv_ct_cx%3Dbronzer%26keywords%3Dbronzer%26pd_rd_i%3DB08X7KVVC1%26pd_rd_r%3Dcec82672-9b0c-4909-8873-7161289d96dd%26pd_rd_w%3D2SYQi%26pd_rd_wg%3DH9Ots%26pf_rd_p%3Dee6a664f-a1c5-4f93-a61f-81d41af42efc%26pf_rd_r%3DX71AQ2Y2XGY9KRPP9QK4%26qid%3D1668802730%26sprefix%3Dbronzer%252Caps%252C88%26sr%3D1-1-cbc80bc4-104b-44f8-8e5c-6397d5250496-spons%26sp_csd%3Dd2lkZ2V0TmFtZT1zcF9zZWFyY2hfdGhlbWF0aWM%26psc%3D1,Hanalei Matte Bronzer Face Powder - Cruelty Free and Paraben Free Contour - Fine and Lightweight Powder for a Natural Sun-Kissed Glow 5g,Sponsored,4.3 out of 5 stars,81,$15.99,"Small Business|Small Business|Small Business|<img alt="""" src=""https://m.media-amazon.com/images/I/111mHoVK0kL._SS200_.png"" height=""50px"" width=""50px""/>  Small Business|<img alt="""" src=""https://m.media-amazon.com/images/I/111mHoVK0kL._SS200_.png"" height=""50px"" width=""50px""/>  Small Business",B08X7KVVC1,https://m.media-amazon.com/images/I/31XieHlMCqS._AC_UL320_.jpg|https://m.media-amazon.com/images/I/111mHoVK0kL._SS200_.png|
1794,https://www.amazon.com/sspa/click?ie=UTF8&spc=MToyMTY3MTE4OTIzMzgxMDYyOjE2Njg4MDI3MzA6c3Bfc2VhcmNoX3RoZW1hdGljOjo6MTpCMDhGMUdUMlNCOnNlYXJjaA&url=%2FHAUS-LABORATORIES-Lady-Gaga-HIGHLIGHTER%2Fdp%2FB08F1GT2SB%2Fref%3Dsxin_15_pa_sp_search_thematic_sspa%3Fcontent-id%3Damzn1.sym.ee6a664f-a1c5-4f93-a61f-81d41af42efc%253Aamzn1.sym.ee6a664f-a1c5-4f93-a61f-81d41af42efc%26crid%3D1NRLBT0TN12OY%26cv_ct_cx%3Dbronzer%26keywords%3Dbronzer%26pd_rd_i%3DB08F1GT2SB%26pd_rd_r%3Dcec82672-9b0c-4909-8873-7161289d96dd%26pd_rd_w%3D2SYQi%26pd_rd_wg%3DH9Ots%26pf_rd_p%3Dee6a664f-a1c5-4f93-a61f-81d41af42efc%26pf_rd_r%3DX71AQ2Y2XGY9KRPP9QK4%26qid%3D1668802730%26sprefix%3Dbronzer%252Caps%252C88%26sr%3D1-2-cbc80bc4-104b-44f8-8e5c-6397d5250496-spons%26sp_csd%3Dd2lkZ2V0TmFtZT1zcF9zZWFyY2hfdGhlbWF0aWM%26psc%3D1,"HAUS LABORATORIES by Lady Gaga: HEAD RUSH BLUSH DUO | HEAT SPELL BRONZER DUO, Highlighter Cheek Duos Available in Multiple Colors, True-Color Matte Blush or Powder Matte Bronzer, Vegan & Cruelty-Free",0.38 Ounce (Pack of 1),4.7 out of 5 stars,"1,509",$16.60,,B08F1GT2SB,https://m.media-amazon.com/images/I/61TrlQqqEnL._AC_UL320_.jpg
1795,https://www.amazon.com/sspa/click?ie=UTF8&spc=MToyMTY3MTE4OTIzMzgxMDYyOjE2Njg4MDI3MzA6c3Bfc2VhcmNoX3RoZW1hdGljOjo6MjpCMDlNQ1E3VjdLOnNlYXJjaA&url=%2FTOUCH-SOL-Shimmer-Highlighter-Makeup%2Fdp%2FB09MCQ7V7K%2Fref%3Dsxin_15_pa_sp_search_thematic_sspa%3Fcontent-id%3Damzn1.sym.ee6a664f-a1c5-4f93-a61f-81d41af42efc%253Aamzn1.sym.ee6a664f-a1c5-4f93-a61f-81d41af42efc%26crid%3D1NRLBT0TN12OY%26cv_ct_cx%3Dbronzer%26keywords%3Dbronzer%26pd_rd_i%3DB09MCQ7V7K%26pd_rd_r%3Dcec82672-9b0c-4909-8873-7161289d96dd%26pd_rd_w%3D2SYQi%26pd_rd_wg%3DH9Ots%26pf_rd_p%3Dee6a664f-a1c5-4f93-a61f-81d41af42efc%26pf_rd_r%3DX71AQ2Y2XGY9KRPP9QK4%26qid%3D1668802730%26sprefix%3Dbronzer%252Caps%252C88%26sr%3D1-3-cbc80bc4-104b-44f8-8e5c-6397d5250496-spons%26sp_csd%3Dd2lkZ2V0TmFtZT1zcF9zZWFyY2hfdGhlbWF0aWM%26psc%3D1,TOUCH IN SOL Shimmer Highlighter Makeup - Contour Shadow Bronzer Blush 5 Colors - Illuminating Highlight Face Cheek Pressed Powder Kit - Pretty Filter Glowdient Palette - Vegan and Cruelty Free,1 Count (Pack of 1),4.6 out of 5 stars,73,$33.50,,B09MCQ7V7K,https://m.media-amazon.com/images/I/81Kzrs55cZL._AC_UL320_.jpg
1796,https://www.amazon.com/sspa/click?ie=UTF8&spc=MToyMTY3MTE4OTIzMzgxMDYyOjE2Njg4MDI3MzA6c3Bfc2VhcmNoX3RoZW1hdGljOjo6MzpCMDdGREhKUDUzOnNlYXJjaA&url=%2F100-PURE-Cocoa-Pigmented-Bronzer%2Fdp%2FB07FDHJP53%2Fref%3Dsxin_15_pa_sp_search_thematic_sspa%3Fcontent-id%3Damzn1.sym.ee6a664f-a1c5-4f93-a61f-81d41af42efc%253Aamzn1.sym.ee6a664f-a1c5-4f93-a61f-81d41af42efc%26crid%3D1NRLBT0TN12OY%26cv_ct_cx%3Dbronzer%26keywords%3Dbronzer%26pd_rd_i%3DB07FDHJP53%26pd_rd_r%3Dcec82672-9b0c-4909-8873-7161289d96dd%26pd_rd_w%3D2SYQi%26pd_rd_wg%3DH9Ots%26pf_rd_p%3Dee6a664f-a1c5-4f93-a61f-81d41af42efc%26pf_rd_r%3DX71AQ2Y2XGY9KRPP9QK4%26qid%3D1668802730%26sprefix%3Dbronzer%252Caps%252C88%26sr%3D1-4-cbc80bc4-104b-44f8-8e5c-6397d5250496-spons%26sp_csd%3Dd2lkZ2V0TmFtZT1zcF9zZWFyY2hfdGhlbWF0aWM%26psc%3D1,"100% PURE Cocoa Pigmented Bronzer, Cocoa Kissed, Bronzer Powder for Face, Contour Makeup, Soft Shimmer, Sun Kissed Glow (Medium Brown w/ Neutral Undertones) - 0.32 Oz",0.32 Ounce (Pack of 1),4.6 out of 5 stars,86,$38.00,,B07FDHJP53,https://m.media-amazon.com/images/I/91Xnw1+xqWL._AC_UL320_.jpg
1797,https://www.amazon.com/sspa/click?ie=UTF8&spc=MToyMTY3MTE4OTIzMzgxMDYyOjE2Njg4MDI3MzA6c3Bfc2VhcmNoX3RoZW1hdGljOjo6NDpCMDlKNlRHUFlTOnNlYXJjaA&url=%2FJouer-Bloom-Highlighter-Hydrating-Cosmetics-Paraben%2Fdp%2FB09J6TGPYS%2Fref%3Dsxin_15_pa_sp_search_thematic_sspa%3Fcontent-id%3Damzn1.sym.ee6a664f-a1c5-4f93-a61f-81d41af42efc%253Aamzn1.sym.ee6a664f-a1c5-4f93-a61f-81d41af42efc%26crid%3D1NRLBT0TN12OY%26cv_ct_cx%3Dbronzer%26keywords%3Dbronzer%26pd_rd_i%3DB09J6TGPYS%26pd_rd_r%3Dcec82672-9b0c-4909-8873-7161289d96dd%26pd_rd_w%3D2SYQi%26pd_rd_wg%3DH9Ots%26pf_rd_p%3Dee6a664f-a1c5-4f93-a61f-81d41af42efc%26pf_rd_r%3DX71AQ2Y2XGY9KRPP9QK4%26qid%3D1668802730%26sprefix%3Dbronzer%252Caps%252C88%26sr%3D1-5-cbc80bc4-104b-44f8-8e5c-6397d5250496-spons%26sp_csd%3Dd2lkZ2V0TmFtZT1zcF9zZWFyY2hfdGhlbWF0aWM%26psc%3D1,"Jouer Bloom, Bronze & Glow Bronzer + Highlighter Duo | Men & Women | Hydrating Cream Formula | Natural Glow | Beauty Cosmetics | Paraben, Gluten & Cruelty Free | Vegan Friendly",1 Count (Pack of 1),4.2 out of 5 stars,80,$24.00,,B09J6TGPYS,https://m.media-amazon.com/images/I/51yl+CHo07L._AC_UL320_.jpg
1798,https://www.amazon.com/sspa/click?ie=UTF8&spc=MTo1NDE4ODA4MzgxOTYxMTMzOjE2Njg4MDI3MzA6c3Bfc2VhcmNoX3RoZW1hdGljOjIwMDA2MTY1NzAwMjA5ODo6MDo6&url=%2FLOreal-Paris-Infallible-Waterproof-sweatproof%2Fdp%2FB09S8FRKNF%2Fref%3Dsxin_16_pa_sp_search_thematic_sspa%3Fcontent-id%3Damzn1.sym.9c246b91-3d49-4e6c-8ff6-5b6e9a100bd4%253Aamzn1.sym.9c246b91-3d49-4e6c-8ff6-5b6e9a100bd4%26crid%3D1NRLBT0TN12OY%26cv_ct_cx%3Dbronzer%26keywords%3Dbronzer%26pd_rd_i%3DB09S8FRKNF%26pd_rd_r%3Dcec82672-9b0c-4909-8873-7161289d96dd%26pd_rd_w%3DO8YMN%26pd_rd_wg%3DH9Ots%26pf_rd_p%3D9c246b91-3d49-4e6c-8ff6-5b6e9a100bd4%26pf_rd_r%3DX71AQ2Y2XGY9KRPP9QK4%26qid%3D1668802730%26sprefix%3Dbronzer%252Caps%252C88%26sr%3D1-1-a43b4223-fbe9-48b0-af69-6d70cf84978b-spons%26sp_csd%3Dd2lkZ2V0TmFtZT1zcF9zZWFyY2hfdGhlbWF0aWM%26psc%3D1,"L'Oreal Paris Infallible Up to 24H Fresh Wear Soft Matte Longwear Bronzer. Waterproof, heatproof, humidity and sweatproof, Light medium, 0.31 oz",Based on star rating and number of customer ratings,4.4 out of 5 stars|4.4 out of 5 stars|4.6 out of 5 stars|4.4 out of 5 stars,"358|18,941|34,940|1,384",$12.97,,,https://m.media-amazon.com/images/I/81QnsNGqTML._AC_UL320_.jpg|https://m.media-amazon.com/images/I/81bDjFvqnGL._AC_UL320_.jpg|https://m.media-amazon.com/images/I/916uZnx+vaL._AC_UL320_.jpg|https://m.media-amazon.com/images/I/A1O8Vrg+9zL._AC_UL320_.jpg
1799,https://www.amazon.com/sspa/click?ie=UTF8&spc=MTo1NDE4ODA4MzgxOTYxMTMzOjE2Njg4MDI3MzA6c3Bfc2VhcmNoX3RoZW1hdGljOjIwMDA2MTY1NzAwMjA5ODo6MDo6&url=%2FLOreal-Paris-Infallible-Waterproof-sweatproof%2Fdp%2FB09S8FRKNF%2Fref%3Dsxin_16_pa_sp_search_thematic_sspa%3Fcontent-id%3Damzn1.sym.9c246b91-3d49-4e6c-8ff6-5b6e9a100bd4%253Aamzn1.sym.9c246b91-3d49-4e6c-8ff6-5b6e9a100bd4%26crid%3D1NRLBT0TN12OY%26cv_ct_cx%3Dbronzer%26keywords%3Dbronzer%26pd_rd_i%3DB09S8FRKNF%26pd_rd_r%3Dcec82672-9b0c-4909-8873-7161289d96dd%26pd_rd_w%3DO8YMN%26pd_rd_wg%3DH9Ots%26pf_rd_p%3D9c246b91-3d49-4e6c-8ff6-5b6e9a100bd4%26pf_rd_r%3DX71AQ2Y2XGY9KRPP9QK4%26qid%3D1668802730%26sprefix%3Dbronzer%252Caps%252C88%26sr%3D1-1-a43b4223-fbe9-48b0-af69-6d70cf84978b-spons%26sp_csd%3Dd2lkZ2V0TmFtZT1zcF9zZWFyY2hfdGhlbWF0aWM%26psc%3D1,"L'Oreal Paris Infallible Up to 24H Fresh Wear Soft Matte Longwear Bronzer. Waterproof, heatproof, humidity and sweatproof, Light medium, 0.31 oz",Sponsored,4.4 out of 5 stars,358,$12.97,,B09S8FRKNF,https://m.media-amazon.com/images/I/81QnsNGqTML._AC_UL320_.jpg
1800,https://www.amazon.com/sspa/click?ie=UTF8&spc=MTo1NDE4ODA4MzgxOTYxMTMzOjE2Njg4MDI3MzA6c3Bfc2VhcmNoX3RoZW1hdGljOjo6MTpCMDBIQlVUQko4OnNlYXJjaA&url=%2FRimmel-Natural-Bronzer-Sunshine-Fluid%2Fdp%2FB00HBUTBJ8%2Fref%3Dsxin_16_pa_sp_search_thematic_sspa%3Fcontent-id%3Damzn1.sym.9c246b91-3d49-4e6c-8ff6-5b6e9a100bd4%253Aamzn1.sym.9c246b91-3d49-4e6c-8ff6-5b6e9a100bd4%26crid%3D1NRLBT0TN12OY%26cv_ct_cx%3Dbronzer%26keywords%3Dbronzer%26pd_rd_i%3DB00HBUTBJ8%26pd_rd_r%3Dcec82672-9b0c-4909-8873-7161289d96dd%26pd_rd_w%3DO8YMN%26pd_rd_wg%3DH9Ots%26pf_rd_p%3D9c246b91-3d49-4e6c-8ff6-5b6e9a100bd4%26pf_rd_r%3DX71AQ2Y2XGY9KRPP9QK4%26qid%3D1668802730%26sprefix%3Dbronzer%252Caps%252C88%26sr%3D1-2-a43b4223-fbe9-48b0-af69-6d70cf84978b-spons%26sp_csd%3Dd2lkZ2V0TmFtZT1zcF9zZWFyY2hfdGhlbWF0aWM%26psc%3D1,"Rimmel Natural Bronzer in Sunshine, 0.49 Ounce (Pack of 1)",0.49 Ounce (Pack of 1),4.4 out of 5 stars,"18,941",$3.50,,B00HBUTBJ8,https://m.media-amazon.com/images/I/81bDjFvqnGL._AC_UL320_.jpg
1801,https://www.amazon.com/sspa/click?ie=UTF8&spc=MTo1NDE4ODA4MzgxOTYxMTMzOjE2Njg4MDI3MzA6c3Bfc2VhcmNoX3RoZW1hdGljOjo6MzpCMDE4QjhRNVo2OnNlYXJjaA&url=%2FPhysicians-Formula-Murumuru-Butter-Bronzer%2Fdp%2FB018B8Q5Z6%2Fref%3Dsxin_16_pa_sp_search_thematic_sspa%3Fcontent-id%3Damzn1.sym.9c246b91-3d49-4e6c-8ff6-5b6e9a100bd4%253Aamzn1.sym.9c246b91-3d49-4e6c-8ff6-5b6e9a100bd4%26crid%3D1NRLBT0TN12OY%26cv_ct_cx%3Dbronzer%26keywords%3Dbronzer%26pd_rd_i%3DB018B8Q5Z6%26pd_rd_r%3Dcec82672-9b0c-4909-8873-7161289d96dd%26pd_rd_w%3DO8YMN%26pd_rd_wg%3DH9Ots%26pf_rd_p%3D9c246b91-3d49-4e6c-8ff6-5b6e9a100bd4%26pf_rd_r%3DX71AQ2Y2XGY9KRPP9QK4%26qid%3D1668802730%26sprefix%3Dbronzer%252Caps%252C88%26sr%3D1-3-a43b4223-fbe9-48b0-af69-6d70cf84978b-spons%26sp_csd%3Dd2lkZ2V0TmFtZT1zcF9zZWFyY2hfdGhlbWF0aWM%26psc%3D1,Physicians Formula Murumuru Butter Bronzer| Cream Shimmer Makeup| Bronzer,0.38 Ounce (Pack of 1),4.6 out of 5 stars,"34,940",$10.12,,B018B8Q5Z6,https://m.media-amazon.com/images/I/916uZnx+vaL._AC_UL320_.jpg
1802,https://www.amazon.com/sspa/click?ie=UTF8&spc=MTo1NDE4ODA4MzgxOTYxMTMzOjE2Njg4MDI3MzA6c3Bfc2VhcmNoX3RoZW1hdGljOjo6NDpCMDhTRzJMS1dHOnNlYXJjaA&url=%2FPhysicians-Formula-Murumuru-Shimmer-Bronzer%2Fdp%2FB08SG2LKWG%2Fref%3Dsxin_16_pa_sp_search_thematic_sspa%3Fcontent-id%3Damzn1.sym.9c246b91-3d49-4e6c-8ff6-5b6e9a100bd4%253Aamzn1.sym.9c246b91-3d49-4e6c-8ff6-5b6e9a100bd4%26crid%3D1NRLBT0TN12OY%26cv_ct_cx%3Dbronzer%26keywords%3Dbronzer%26pd_rd_i%3DB08SG2LKWG%26pd_rd_r%3Dcec82672-9b0c-4909-8873-7161289d96dd%26pd_rd_w%3DO8YMN%26pd_rd_wg%3DH9Ots%26pf_rd_p%3D9c246b91-3d49-4e6c-8ff6-5b6e9a100bd4%26pf_rd_r%3DX71AQ2Y2XGY9KRPP9QK4%26qid%3D1668802730%26sprefix%3Dbronzer%252Caps%252C88%26sr%3D1-4-a43b4223-fbe9-48b0-af69-6d70cf84978b-spons%26sp_csd%3Dd2lkZ2V0TmFtZT1zcF9zZWFyY2hfdGhlbWF0aWM%26psc%3D1,"Physicians Formula Mini Murumuru Butter Bronzer Cream Shimmer Face Makeup, Bronzer, Dermatologist Tested, Clean Beauty, Vegan, Cruelty Free",0.12 Ounce (Pack of 1),4.4 out of 5 stars,"1,384",$5.99,,B08SG2LKWG,https://m.media-amazon.com/images/I/A1O8Vrg+9zL._AC_UL320_.jpg
1803,https://www.amazon.com/Physicians-Formula-Murumuru-Butter-Bronzer/dp/B077PR1PP1/ref=sxin_17?asc_contentid=amzn1.osa.36455675-9a22-433d-af62-778ed8acebaf.ATVPDKIKX0DER.en_US&asc_contenttype=article&ascsubtag=amzn1.osa.36455675-9a22-433d-af62-778ed8acebaf.ATVPDKIKX0DER.en_US&content-id=amzn1.sym.01243ef6-1f4d-40e2-ad34-d02b1375dcf1%3Aamzn1.sym.01243ef6-1f4d-40e2-ad34-d02b1375dcf1&creativeASIN=B077PR1PP1&crid=1NRLBT0TN12OY&cv_ct_cx=bronzer&cv_ct_id=amzn1.osa.36455675-9a22-433d-af62-778ed8acebaf.ATVPDKIKX0DER.en_US&cv_ct_pg=search&cv_ct_we=asin&cv_ct_wn=osp-single-source-pecos-desktop&keywords=bronzer&linkCode=oas&pd_rd_i=B077PR1PP1&pd_rd_r=cec82672-9b0c-4909-8873-7161289d96dd&pd_rd_w=jGt7U&pd_rd_wg=H9Ots&pf_rd_p=01243ef6-1f4d-40e2-ad34-d02b1375dcf1&pf_rd_r=X71AQ2Y2XGY9KRPP9QK4&qid=1668802730&sprefix=bronzer%2Caps%2C88&sr=1-1-c26ac7f6-b43f-4741-a772-17cad7536576&tag=byrdiepublish-20,Physicians Formula Murumuru Butter Bronzer| Cream Shimmer Makeup| Deep Bronzer,By,4.6 out of 5 stars|4.7 out of 5 stars|4.6 out of 5 stars|4.6 out of 5 stars,"34,940|648|1,953|665",$12.98,,,https://m.media-amazon.com/images/I/91ck+joa6nL._AC_UL320_.jpg|https://m.media-amazon.com/images/I/51Xz+0bfFSL._AC_UL320_.jpg|https://m.media-amazon.com/images/I/A1kju3qHDHL._AC_UL320_.jpg|https://m.media-amazon.com/images/I/41NTDR1HdJL._AC_UL320_.jpg
1804,https://www.amazon.com/Physicians-Formula-Murumuru-Butter-Bronzer/dp/B018B8Q5Z6/ref=sxin_18_ac_d_hl?ac_md=1-0-T3ZlcmFsbCBDaG9pY2U%3D-ac_d_hl_hl_ac&content-id=amzn1.sym.3663916c-38f6-4d73-9801-2e9551111db6%3Aamzn1.sym.3663916c-38f6-4d73-9801-2e9551111db6&crid=1NRLBT0TN12OY&cv_ct_cx=bronzer&keywords=bronzer&pd_rd_i=B018B8Q5Z6&pd_rd_r=cec82672-9b0c-4909-8873-7161289d96dd&pd_rd_w=Lga6G&pd_rd_wg=H9Ots&pf_rd_p=3663916c-38f6-4d73-9801-2e9551111db6&pf_rd_r=X71AQ2Y2XGY9KRPP9QK4&psc=1&qid=1668802730&sprefix=bronzer%2Caps%2C88&sr=1-1-25fd44b4-555a-4528-b40c-891e95133f20,Physicians Formula Murumuru Butter Bronzer| Cream Shimmer Makeup| Bronzer,Highly rated and well-priced,4.6 out of 5 stars|4.1 out of 5 stars|4.4 out of 5 stars|4.5 out of 5 stars|4.2 out of 5 stars,"34,940|845|3,316|158|112",$10.12,"Small Business|Small Business|Small Business|<img alt="""" src=""https://m.media-amazon.com/images/I/111mHoVK0kL._SS200_.png"" height=""50px"" width=""50px""/>  Small Business|<img alt="""" src=""https://m.media-amazon.com/images/I/111mHoVK0kL._SS200_.png"" height=""50px"" width=""50px""/>  Small Business",,https://m.media-amazon.com/images/I/916uZnx+vaL._AC_UL320_.jpg|https://m.media-amazon.com/images/I/51fXVOd8LfL._AC_UL320_.jpg|https://m.media-amazon.com/images/I/81++t8pWYbL._AC_UL320_.jpg|https://m.media-amazon.com/images/I/71rtZgbkQ4L._AC_UL320_.jpg|https://m.media-amazon.com/images/I/111mHoVK0kL._SS200_.png||https://m.media-amazon.com/images/I/61e-afeTXPL._AC_UL320_.jpg
1806,https://www.amazon.com/Physicians-Formula-Murumuru-Shimmer-Bronzer/dp/B08SG2LKWG/ref=sr_1_8?crid=1NRLBT0TN12OY&keywords=bronzer&qid=1668802730&sprefix=bronzer%2Caps%2C88&sr=8-8,"Physicians Formula Mini Murumuru Butter Bronzer Cream Shimmer Face Makeup, Bronzer, Dermatologist Tested, Clean Beauty, Vegan, Cruelty Free",0.12 Ounce (Pack of 1),4.4 out of 5 stars,"1,384",$5.99,"FREE delivery Fri, Nov 25 on $25 of items shipped by AmazonOr fastest delivery Sun, Nov 20|",B08SG2LKWG,https://m.media-amazon.com/images/I/A1O8Vrg+9zL._AC_UL320_.jpg
1807,https://www.amazon.com/Benefit-Cosmetics-Bronzing-Powder-Ounces/dp/B000FBNYSY/ref=sr_1_9?crid=1NRLBT0TN12OY&keywords=bronzer&qid=1668802730&sprefix=bronzer%2Caps%2C88&sr=8-9,Benefit Cosmetics Hoola Bronzing Powder 0.28 Ounces,0.28 Ounce (Pack of 1),4.8 out of 5 stars,"2,746",$31.95,FREE delivery,B000FBNYSY,https://m.media-amazon.com/images/I/712wVfI3IAL._AC_UL320_.jpg
1808,https://www.amazon.com/Too-Faced-Chocolate-Soleil-Bronzer/dp/B07BR2YRSY/ref=sr_1_10?crid=1NRLBT0TN12OY&keywords=bronzer&qid=1668802730&sprefix=bronzer%2Caps%2C88&sr=8-10,Too Faced Chocolate Soleil Matte Bronzer,0.28 Ounce (Pack of 1),4.6 out of 5 stars,616,$14.09,"FREE delivery Fri, Nov 25",B07BR2YRSY,https://m.media-amazon.com/images/I/61b00Hz8O3L._AC_UL320_.jpg
1809,https://www.amazon.com/KIMUSE-Contour-Highlight-Bronzer-Waterproof/dp/B0B5PC63L7/ref=sr_1_11?crid=1NRLBT0TN12OY&keywords=bronzer&qid=1668802730&sprefix=bronzer%2Caps%2C88&sr=8-11,"KIMUSE 2 Color Dual Cream Contour Stick, Highlight & Contour Bronzer Stick, Long Lasting & Waterproof Contour Sticks Kit for Light Skin Face Makeup",1 Count (Pack of 1),3.7 out of 5 stars,100,$9.99,"FREE delivery Fri, Nov 25 on $25 of items shipped by AmazonOr fastest delivery Sun, Nov 20|",B0B5PC63L7,https://m.media-amazon.com/images/I/51jYQNPwx+L._AC_UL320_.jpg
1810,https://www.amazon.com/Physicians-Formula-Booster-Glow-Boosting-Season/dp/B006WZ9O72/ref=sr_1_12?crid=1NRLBT0TN12OY&keywords=bronzer&qid=1668802730&sprefix=bronzer%2Caps%2C88&sr=8-12,Physicians Formula Bronze Booster Glow-Boosting Season-to-Season Bronzer Light-to-Medium,0.27 Ounce (Pack of 1),4.3 out of 5 stars,"2,303",$12.48,"FREE delivery Fri, Nov 25 on $25 of items shipped by AmazonOr fastest delivery Sun, Nov 20|",B006WZ9O72,https://m.media-amazon.com/images/I/61J9q30iDKL._AC_UL320_.jpg
1811,https://www.amazon.com/Physicians-Formula-Murumuru-Bronzer-Palette/dp/B087LYS6N9/ref=sr_1_13?crid=1NRLBT0TN12OY&keywords=bronzer&qid=1668802730&sprefix=bronzer%2Caps%2C88&sr=8-13,"Physicians Formula Murumuru Butter Bronzer Face Makeup Palette Set, Set of 3, Light Bronzer, Sunset Bronzer, Endless Summer Powder",1 Count (Pack of 1),4.4 out of 5 stars,856,$11.48,"FREE delivery Fri, Nov 25 on $25 of items shipped by AmazonOr fastest delivery Sun, Nov 20|",B087LYS6N9,https://m.media-amazon.com/images/I/81Eyur4J-VL._AC_UL320_.jpg
1812,https://www.amazon.com/Loreal-True-Match-Bronze-Medium/dp/B079476142/ref=sr_1_14?crid=1NRLBT0TN12OY&keywords=bronzer&qid=1668802730&sprefix=bronzer%2Caps%2C88&sr=8-14,"L'Oreal Paris Cosmetics True Match Lumi Bronze It Bronzer For Face And Body, Medium, 0.41 Fluid Ounce",0.41 Fl Oz (Pack of 1),4.5 out of 5 stars,"1,697",$10.00,"FREE delivery Tue, Nov 29 on $25 of items shipped by AmazonOr fastest delivery Tue, Nov 22|",B079476142,https://m.media-amazon.com/images/I/91M+z6OnmBL._AC_UL320_.jpg
1813,https://www.amazon.com/Clinique-Powder-Flower-Bronzer-Highlighter/dp/B088KSTVYT/ref=sr_1_15?crid=1NRLBT0TN12OY&keywords=bronzer&qid=1668802730&sprefix=bronzer%2Caps%2C88&sr=8-15,"Clinique Powder Pop Flower Bronzer Highlighter, 0.31 oz. / 9 g •• (Solar Pop) ••",0.31 Ounce (Pack of 1),4.2 out of 5 stars,112,$9.30,"FREE delivery Tue, Nov 29 on $25 of items shipped by AmazonOr fastest delivery Tue, Nov 22|",B088KSTVYT,https://m.media-amazon.com/images/I/41v1GNu6EcL._AC_UL320_.jpg
1814,https://www.amazon.com/FOCALLURE-Moisturize-Highlighter-Brightens-Illuminator/dp/B09S63ZPBW/ref=sr_1_16?crid=1NRLBT0TN12OY&keywords=bronzer&qid=1668802730&sprefix=bronzer%2Caps%2C88&sr=8-16,"FOCALLURE 2 Pcs Mineral Cream Contour Stick,Moisturize Highlighter and Bronzer Pen,Non Stick Face Brightens & Shades Pencil,Long Lasting & Smooth Gliding Face Illuminator Makeup,Medium",2 Count (Pack of 1),4.1 out of 5 stars,"3,169",$12.99,"FREE delivery Fri, Nov 25 on $25 of items shipped by AmazonOr fastest delivery Sun, Nov 20|",B09S63ZPBW,https://m.media-amazon.com/images/I/71Y3qoS9-mL._AC_UL320_.jpg
1815,https://www.amazon.com/sspa/click?ie=UTF8&spc=MTo2NjAzNzY5MDkwODEwNTQ2OjE2Njg4MDI3MzA6c3BfbXRmOjIwMDA5NTc0NzA2ODI5ODo6MDo6&url=%2FFOCALLURE-Highlighter-Non-greasy-Water-resistant-Lightweight%2Fdp%2FB0B31LHJ33%2Fref%3Dsr_1_17_sspa%3Fcrid%3D1NRLBT0TN12OY%26keywords%3Dbronzer%26qid%3D1668802730%26sprefix%3Dbronzer%252Caps%252C88%26sr%3D8-17-spons%26sp_csd%3Dd2lkZ2V0TmFtZT1zcF9tdGY%26psc%3D1,"FOCALLURE 3 Pcs Cream Contour Sticks,Shades with Highlighter & Bronzer & Blush,Non-greasy and Water-resistant Face Contouring Pen,Easy to Sculpt the Face and Create a Lightweight Finishing Makeup,MEDIUM",Sponsored,4.2 out of 5 stars,226,$17.99,"FREE delivery Fri, Nov 25 on $25 of items shipped by AmazonOr fastest delivery Mon, Nov 21|",B0B31LHJ33,https://m.media-amazon.com/images/I/81cvx6o2eoL._AC_UL320_.jpg
1816,https://www.amazon.com/sspa/click?ie=UTF8&spc=MTo2NjAzNzY5MDkwODEwNTQ2OjE2Njg4MDI3MzA6c3BfbXRmOjIwMDEwMzE5ODAwMDA5ODo6MDo6&url=%2Fwet-wild-Color-Bronzer-Beach%2Fdp%2FB07MCCDKDY%2Fref%3Dsr_1_18_sspa%3Fcrid%3D1NRLBT0TN12OY%26keywords%3Dbronzer%26qid%3D1668802730%26sprefix%3Dbronzer%252Caps%252C88%26sr%3D8-18-spons%26sp_csd%3Dd2lkZ2V0TmFtZT1zcF9tdGY%26psc%3D1,Wet n Wild Color Icon Bronzer Powder Palm Beach Ready,Sponsored,4.2 out of 5 stars,"4,019",$3.98,"FREE delivery Fri, Nov 25 on $25 of items shipped by AmazonOr fastest delivery Sun, Nov 20|",B07MCCDKDY,https://m.media-amazon.com/images/I/81oXSlt-z0L._AC_UL320_.jpg
1817,https://www.amazon.com/sspa/click?ie=UTF8&spc=MTo2NjAzNzY5MDkwODEwNTQ2OjE2Njg4MDI3MzA6c3BfbXRmOjIwMDA4MjYwODgzOTU5ODo6MDo6&url=%2FYOUNG-VISION-Lightweight-Blendable-Professional%2Fdp%2FB0B6315XDL%2Fref%3Dsr_1_19_sspa%3Fcrid%3D1NRLBT0TN12OY%26keywords%3Dbronzer%26qid%3D1668802730%26sprefix%3Dbronzer%252Caps%252C88%26sr%3D8-19-spons%26sp_csd%3Dd2lkZ2V0TmFtZT1zcF9tdGY%26psc%3D1,"YOUNG VISION Contour Stick Makeup, Bronzer and Matte Finish Makeup Stick for Women, Lightweight and Blendable Professional Makeup Contour",Sponsored,4.3 out of 5 stars,61,$5.99,"FREE delivery Fri, Nov 25 on $25 of items shipped by AmazonOr fastest delivery Sun, Nov 20|",B0B6315XDL,https://m.media-amazon.com/images/I/51mwOSylCQL._AC_UL320_.jpg
1818,https://www.amazon.com/sspa/click?ie=UTF8&spc=MTo2NjAzNzY5MDkwODEwNTQ2OjE2Njg4MDI3MzA6c3BfbXRmOjIwMDA4MDg1NDQ5Njc5ODo6MDo6&url=%2FFOCALLURE-Highlighter-Non-greasy-Non-drying-Waterproof%2Fdp%2FB0B3QV7HG1%2Fref%3Dsr_1_20_sspa%3Fcrid%3D1NRLBT0TN12OY%26keywords%3Dbronzer%26qid%3D1668802730%26sprefix%3Dbronzer%252Caps%252C88%26sr%3D8-20-spons%26sp_csd%3Dd2lkZ2V0TmFtZT1zcF9tdGY%26psc%3D1,"FOCALLURE 2 in 1 Cream Bronzer and Highlighter Stick,Non-greasy & Non-drying Contour Makeup Pencil,Easy to Create a Natural Matte Finishing with Highly Formula,Long Lasting & Waterproof Face Brighten Make up Pen,LIGHT",Sponsored,4.3 out of 5 stars,98,$13.99,"FREE delivery Fri, Nov 25 on $25 of items shipped by AmazonOr fastest delivery Sun, Nov 20|",B0B3QV7HG1,https://m.media-amazon.com/images/I/61nQ6wjqKDL._AC_UL320_.jpg
1819,https://www.amazon.com/Physicians-Formula-Butter-Makeup-Bronzer/dp/B08RRKQTR7/ref=sr_1_21?crid=1NRLBT0TN12OY&keywords=bronzer&qid=1668802730&sprefix=bronzer%2Caps%2C88&sr=8-21,"Physicians Formula Matte Monoi Butter Bronzer Matte Bronzer Powder Face Makeup, Dermatologist Tested, Bronzer",1 Count (Pack of 1),4.4 out of 5 stars,"1,201",$10.69,"FREE delivery Fri, Nov 25 on $25 of items shipped by AmazonOr fastest delivery Sun, Nov 20|",B08RRKQTR7,https://m.media-amazon.com/images/I/91yZFuTPQDL._AC_UL320_.jpg
1820,https://www.amazon.com/Physicians-Formula-Palette-Corrective-0-3-Ounces/dp/B001MV5UZQ/ref=sr_1_22?crid=1NRLBT0TN12OY&keywords=bronzer&qid=1668802730&sprefix=bronzer%2Caps%2C88&sr=8-22,Physicians Formula Powder Palette Multi-Colored Bronzer Light Bronzer,0.3 Ounce (Pack of 1),4.6 out of 5 stars,"3,846",$9.72,FREE delivery on $25 shipped by Amazon.,B001MV5UZQ,https://m.media-amazon.com/images/I/81chb7QlQuL._AC_UL320_.jpg
1821,https://www.amazon.com/Chocolate-Soleil-Bronzer-Milk/dp/B07BQW1P9W/ref=sr_1_23?crid=1NRLBT0TN12OY&keywords=bronzer&qid=1668802730&sprefix=bronzer%2Caps%2C88&sr=8-23,Chocolate Soleil Bronzer Milk Chocolate,1 Count (Pack of 1),4.7 out of 5 stars,260,$19.99,"FREE delivery Nov 23 - 29 Or fastest delivery Fri, Nov 25",B07BQW1P9W,https://m.media-amazon.com/images/I/5178zT79uVL._AC_UL320_.jpg
1822,https://www.amazon.com/Milani-MILANI-Baked-Bronzer-Dolce/dp/B079CFLTF2/ref=sr_1_24?crid=1NRLBT0TN12OY&keywords=bronzer&qid=1668802730&sprefix=bronzer%2Caps%2C88&sr=8-24,"Milani Baked Bronzer - Dolce, Cruelty-Free Shimmer Bronzing Powder to Use For Contour Makeup, Highlighters Makeup, Bronzer Makeup, 0.25 Ounce",0.25 Ounce (Pack of 1),4.5 out of 5 stars,"3,135",$9.97,"FREE delivery Fri, Nov 25 on $25 of items shipped by AmazonOr fastest delivery Sun, Nov 20||Small Business|Small Business|Small Business|<img alt="""" src=""https://m.media-amazon.com/images/I/111mHoVK0kL._SS200_.png"" height=""50px"" width=""50px""/>  Small Business|<img alt="""" src=""https://m.media-amazon.com/images/I/111mHoVK0kL._SS200_.png"" height=""50px"" width=""50px""/>  Small Business",B079CFLTF2,https://m.media-amazon.com/images/I/81cRPUGYL9L._AC_UL320_.jpg|https://m.media-amazon.com/images/I/111mHoVK0kL._SS200_.png|
1823,https://www.amazon.com/theBalm-Bahama-Mama-Bronzer-Travel-Size/dp/B07RJW8631/ref=sr_1_25?crid=1NRLBT0TN12OY&keywords=bronzer&qid=1668802730&sprefix=bronzer%2Caps%2C88&sr=8-25,theBalm Bahama Mama Bronzer,0.11 Ounce (Pack of 1),4.6 out of 5 stars,"2,446",$9.79,"FREE delivery Tue, Nov 29 on $25 of items shipped by AmazonOr fastest delivery Tue, Nov 22|",B07RJW8631,https://m.media-amazon.com/images/I/81reO7LnA0L._AC_UL320_.jpg
1824,https://www.amazon.com/Physicians-Formula-Lightweight-Cruelty-Free-Sensitive/dp/B09GRDY9J7/ref=sr_1_26?crid=1NRLBT0TN12OY&keywords=bronzer&qid=1668802730&sprefix=bronzer%2Caps%2C88&sr=8-26,"Physicians Formula Murumuru Butter Cheat Day Donut Bronzer, Lightweight, Cruelty-Free, For Sensitive Skin, Dark Shimmer Cream Bronzer, 0.38Oz, Sprinkles",0.38 Ounce (Pack of 1),4.2 out of 5 stars,236,$8.59,FREE delivery Nov 23 - 29 Or fastest delivery Nov 22 - 25,B09GRDY9J7,https://m.media-amazon.com/images/I/91V2FhRZn0L._AC_UL320_.jpg
1825,https://www.amazon.com/Maybelline-New-York-Bronzer-Contour/dp/B07HFQLRW7/ref=sr_1_27?crid=1NRLBT0TN12OY&keywords=bronzer&qid=1668802730&sprefix=bronzer%2Caps%2C88&sr=8-27,"Maybelline New York City Bronzer Powder Makeup and Contour, 0.32 Oz",0.32 Ounce (Pack of 1),4.5 out of 5 stars,"3,194",$7.67,"FREE delivery Fri, Nov 25 on $25 of items shipped by AmazonOr fastest delivery Sun, Nov 20|",B07HFQLRW7,https://m.media-amazon.com/images/I/61YBBDc0wuL._AC_UL320_.jpg
1826,https://www.amazon.com/Loreal-True-Match-Bronze-Light/dp/B07946L5S5/ref=sr_1_28?crid=1NRLBT0TN12OY&keywords=bronzer&qid=1668802730&sprefix=bronzer%2Caps%2C88&sr=8-28,"L'Oreal Paris Cosmetics True Match Lumi Bronze It Bronzer For Face And Body, Light, 0.41 Fluid Ounce",0.41 Fl Oz (Pack of 1),4.6 out of 5 stars,"1,953",$11.52,"FREE delivery Fri, Nov 25 on $25 of items shipped by AmazonOr fastest delivery Sun, Nov 20|",B07946L5S5,https://m.media-amazon.com/images/I/A1kju3qHDHL._AC_UL320_.jpg
1827,https://www.amazon.com/Milk-Matte-Bronzer-Stick-Travel/dp/B08H2MDVXK/ref=sr_1_29?crid=1NRLBT0TN12OY&keywords=bronzer&qid=1668802730&sprefix=bronzer%2Caps%2C88&sr=8-29,"MILK Makeup Matte Bronzer Stick - Buildable Color, Matte Finish - Baked Bronze - 0.19 Oz",0.24 Ounce (Pack of 1),4.3 out of 5 stars,31,$22.00,"FREE delivery Wed, Nov 30 on $25 of items shipped by AmazonOr fastest delivery Tue, Nov 22|",B08H2MDVXK,https://m.media-amazon.com/images/I/51mc6iheXEL._AC_UL320_.jpg
1828,https://www.amazon.com/wet-wild-Color-Bronzer-Beach/dp/B07MCCDKDY/ref=sr_1_30?crid=1NRLBT0TN12OY&keywords=bronzer&qid=1668802730&sprefix=bronzer%2Caps%2C88&sr=8-30,Wet n Wild Color Icon Bronzer Powder Palm Beach Ready,1 Count (Pack of 1),4.2 out of 5 stars,"4,019",$3.98,"FREE delivery Fri, Nov 25 on $25 of items shipped by AmazonOr fastest delivery Sun, Nov 20|",B07MCCDKDY,https://m.media-amazon.com/images/I/81oXSlt-z0L._AC_UL320_.jpg
1829,https://www.amazon.com/Makeup-Revolution-Mega-Bronzer-Warm/dp/B07QLMWGJD/ref=sr_1_31?crid=1NRLBT0TN12OY&keywords=bronzer&qid=1668802730&sprefix=bronzer%2Caps%2C88&sr=8-31,"Makeup Revolution Mega Bronzer Powder, Matte Finish, For Light To Deep Skin Tones, Vegan & Cruelty Free, Warm, 0.52 oz/15g",0.5 Ounce (Pack of 1),4.4 out of 5 stars,93,$8.00,"FREE delivery Fri, Nov 25 on $25 of items shipped by AmazonOr fastest delivery Sun, Nov 20|",B07QLMWGJD,https://m.media-amazon.com/images/I/41a8yV-24pL._AC_UL320_.jpg
1830,https://www.amazon.com/Bobbi-Brown-Bronzing-Powder-Deep/dp/B000970DX8/ref=sr_1_32?crid=1NRLBT0TN12OY&keywords=bronzer&qid=1668802730&sprefix=bronzer%2Caps%2C88&sr=8-32,"Bobbi Brown Bobbi Brown Bronzing Powder - Deep, .28 oz",FREE delivery on $25 shipped by Amazon.,4.7 out of 5 stars,456,$17.19,FREE delivery on $25 shipped by Amazon.,B000970DX8,https://m.media-amazon.com/images/I/81YjOv7r8pL._AC_UL320_.jpg
1831,https://www.amazon.com/sspa/click?ie=UTF8&spc=MTo2NjAzNzY5MDkwODEwNTQ2OjE2Njg4MDI3MzA6c3BfbXRmOjIwMDA0OTI2NjM4ODI5ODo6MDo6&url=%2FConcealer-Highlighter-Double-Headed-Professional-Waterproof%2Fdp%2FB09PGHZ3HS%2Fref%3Dsr_1_33_sspa%3Fcrid%3D1NRLBT0TN12OY%26keywords%3Dbronzer%26qid%3D1668802730%26sprefix%3Dbronzer%252Caps%252C88%26sr%3D8-33-spons%26sp_csd%3Dd2lkZ2V0TmFtZT1zcF9tdGY%26psc%3D1,"2022 Upgrade Contour Stick, Concealer Highlighter Stick, 2 in 1 Double-Headed Cream Bronzer Contour Stick, Professional Waterproof Face Body Contour Makeup (#01 Ivory+dark brown)",Sponsored,4.2 out of 5 stars,178,$6.99,"FREE delivery Fri, Nov 25 on $25 of items shipped by AmazonOr fastest delivery Tue, Nov 22|",B09PGHZ3HS,https://m.media-amazon.com/images/I/61H9Kad2viL._AC_UL320_.jpg
1832,https://www.amazon.com/sspa/click?ie=UTF8&spc=MTo2NjAzNzY5MDkwODEwNTQ2OjE2Njg4MDI3MzA6c3BfbXRmOjIwMDAxNDI4NTcyNzYyMTo6MDo6&url=%2FRimmel-London-Natural-Bronzer-Light%2Fdp%2FB002E2JWAQ%2Fref%3Dsr_1_34_sspa%3Fcrid%3D1NRLBT0TN12OY%26keywords%3Dbronzer%26qid%3D1668802730%26sprefix%3Dbronzer%252Caps%252C88%26sr%3D8-34-spons%26sp_csd%3Dd2lkZ2V0TmFtZT1zcF9tdGY%26psc%3D1%26smid%3DA1TNMTOZ1PDZCE,Rimmel London Natural Bronzer - Sun Light,Sponsored,4.5 out of 5 stars,558,$7.36,"FREE delivery on $25 shipped by Amazon.|Climate Pledge Friendly|Climate Pledge Friendly|Climate Pledge Friendly|<img alt="""" src=""https://m.media-amazon.com/images/I/216-OX9rBaL._SS200_.png"" height=""50px"" width=""50px""/>  Climate Pledge Friendly|<img alt="""" src=""https://m.media-amazon.com/images/I/216-OX9rBaL._SS200_.png"" height=""50px"" width=""50px""/>  Climate Pledge Friendly|<img alt="""" src=""https://m.media-amazon.com/images/I/41Y2L-DZWfL._SS200_.png"" height=""50px"" width=""50px""/> Compact by Design (Certified by Amazon)",B002E2JWAQ,https://m.media-amazon.com/images/I/81pO+kNRxtL._AC_UL320_.jpg|https://m.media-amazon.com/images/I/216-OX9rBaL._SS200_.png||
1833,https://www.amazon.com/sspa/click?ie=UTF8&spc=MTo2NjAzNzY5MDkwODEwNTQ2OjE2Njg4MDI3MzA6c3BfbXRmOjIwMDA3MTkwMzY5NDMyMTo6MDo6&url=%2FBon-cl%25C3%25A1-High-Grade-Synthetic-Bristles-Comfortable%2Fdp%2FB08YY4WCM7%2Fref%3Dsr_1_35_sspa%3Fcrid%3D1NRLBT0TN12OY%26keywords%3Dbronzer%26qid%3D1668802730%26sprefix%3Dbronzer%252Caps%252C88%26sr%3D8-35-spons%26sp_csd%3Dd2lkZ2V0TmFtZT1zcF9tdGY%26psc%3D1,"Bon-clá Powder Fan Brush, for Apply Loose & Pressed Powders, High-Grade Synthetic Bristles, Rich Soft Comfortable Hair, Makeup without Trace",Sponsored,4.5 out of 5 stars,159,$8.90,"FREE delivery Fri, Nov 25 on $25 of items shipped by AmazonOr fastest delivery Tue, Nov 22|",B08YY4WCM7,https://m.media-amazon.com/images/I/61bHotQQHSL._AC_UL320_.jpg
1834,https://www.amazon.com/sspa/click?ie=UTF8&spc=MTo2NjAzNzY5MDkwODEwNTQ2OjE2Njg4MDI3MzA6c3BfbXRmOjIwMDA4ODQ3OTYyOTQ5ODo6MDo6&url=%2FFocallure-Foundation-Highlighter-Highlighting-FA01-19068-24%2Fdp%2FB08LDH87YJ%2Fref%3Dsr_1_36_sspa%3Fcrid%3D1NRLBT0TN12OY%26keywords%3Dbronzer%26qid%3D1668802730%26sprefix%3Dbronzer%252Caps%252C88%26sr%3D8-36-spons%26sp_csd%3Dd2lkZ2V0TmFtZT1zcF9tdGY%26psc%3D1,"FOCALLURE 2 Pcs Contour Foundation Stick, Highlighter & Bronzer Pen, Face Brightens & Shades Pencil, Highlighting Shade Longwear Makeup, Highlight Bronzer Shaping Trimming Stick,Neutral",Sponsored,4.1 out of 5 stars,"3,169",$12.99,"FREE delivery Fri, Nov 25 on $25 of items shipped by AmazonOr fastest delivery Sun, Nov 20|",B08LDH87YJ,https://m.media-amazon.com/images/I/71HM34o2ETL._AC_UL320_.jpg
1835,https://www.amazon.com/Rimmel-Natural-Bronzer-Light-Fluid/dp/B071XN634D/ref=sr_1_37?crid=1NRLBT0TN12OY&keywords=bronzer&qid=1668802730&sprefix=bronzer%2Caps%2C88&sr=8-37,"Rimmel Natural Bronzer, Sun Light, 0.49 Fluid Ounce",0.49 Fl Oz (Pack of 1),4.3 out of 5 stars,267,$3.50,"FREE delivery Fri, Nov 25 on $25 of items shipped by AmazonOr fastest delivery Mon, Nov 21|",B071XN634D,https://m.media-amazon.com/images/I/51h3hkrbDNL._AC_UL320_.jpg
1836,https://www.amazon.com/Physicians-Formula-Multi-Colored-Bronzer-0-3-Ounces/dp/B001MV5UWY/ref=sr_1_38?crid=1NRLBT0TN12OY&keywords=bronzer&qid=1668802730&sprefix=bronzer%2Caps%2C88&sr=8-38,Physicians Formula Magic Mosaic Multi-Colored Custom Bronzer Light Bronzer/Bronzer,0.3 Ounce (Pack of 1),4.5 out of 5 stars,"1,756",$13.49,"FREE delivery Fri, Nov 25 on $25 of items shipped by AmazonOr fastest delivery Sun, Nov 20|",B001MV5UWY,https://m.media-amazon.com/images/I/81e+LueYTsL._AC_UL320_.jpg
1837,https://www.amazon.com/Physicians-Formula-Earth-Butter-Bronzer/dp/B0B3SM14Z1/ref=sr_1_39?crid=1NRLBT0TN12OY&keywords=bronzer&qid=1668802730&sprefix=bronzer%2Caps%2C88&sr=8-39,Physicians Formula Earth Day Butter Bronzer Bronzer,0.38 Ounce (Pack of 1),4.3 out of 5 stars,187,$13.49,"FREE delivery Fri, Nov 25 on $25 of items shipped by AmazonOr fastest delivery Sun, Nov 20|",B0B3SM14Z1,https://m.media-amazon.com/images/I/91pkLgEEqNL._AC_UL320_.jpg
1838,https://www.amazon.com/Tarte-Amazonian-Waterproof-Bronzer-Heiress/dp/B01MT5H6M2/ref=sr_1_40?crid=1NRLBT0TN12OY&keywords=bronzer&qid=1668802730&sprefix=bronzer%2Caps%2C88&sr=8-40,Tarte Amazonian Clay Matte Waterproof Bronzer in Hotel Heiress (Deep Bronze) 0.32 oz,0.32 Ounce (Pack of 1),4.7 out of 5 stars,84,$23.43,"FREE delivery Fri, Nov 25 on $25 of items shipped by Amazon|",B01MT5H6M2,https://m.media-amazon.com/images/I/61fHZTTwL+L._AC_UL320_.jpg
1839,https://www.amazon.com/ILIA-NightLite-Bronzing-Non-Toxic-Cruelty-Free/dp/B088F5PN1T/ref=sr_1_41?crid=1NRLBT0TN12OY&keywords=bronzer&qid=1668802730&sprefix=bronzer%2Caps%2C88&sr=8-41,"ILIA - NightLite Bronzing Powder | Non-Toxic, Cruelty-Free, Clean Beauty (Drawn In - Light to Medium Tan)",0.26 Ounce (Pack of 1),4.5 out of 5 stars,160,$34.00,"FREE delivery Fri, Nov 25 Or fastest delivery Sun, Nov 20|",B088F5PN1T,https://m.media-amazon.com/images/I/61nLPZB7mpL._AC_UL320_.jpg
1840,https://www.amazon.com/essence-Bronzing-Vacation-Parabens-Fragrance/dp/B08F7MS7N4/ref=sr_1_42?crid=1NRLBT0TN12OY&keywords=bronzer&qid=1668802730&sprefix=bronzer%2Caps%2C88&sr=8-42,"essence | Sun Club Matte Bronzing Powder Palette | Better Than Vacation Tan | Vegan & Cruelty Free | Made Without Parabens, Oil & Alcohol",1.05 Ounce (Pack of 1),4.6 out of 5 stars,58,$9.99,"FREE delivery Fri, Nov 25 on $25 of items shipped by AmazonOr fastest delivery Sun, Nov 20|",B08F7MS7N4,https://m.media-amazon.com/images/I/81eqOWiedpL._AC_UL320_.jpg
1841,https://www.amazon.com/Black-Radiance-Pressed-Powder-Beautiful/dp/B077QLTG3G/ref=sr_1_43?crid=1NRLBT0TN12OY&keywords=bronzer&qid=1668802730&sprefix=bronzer%2Caps%2C88&sr=8-43,"Black Radiance Pressed Powder, Beautiful Bronze, 0.28 Ounce",0.28 Ounce (Pack of 1),4.0 out of 5 stars,"2,631",$5.79,"FREE delivery Fri, Nov 25 on $25 of items shipped by AmazonOr fastest delivery Sun, Nov 20|",B077QLTG3G,https://m.media-amazon.com/images/I/71z88+6NChL._AC_UL320_.jpg
1842,https://www.amazon.com/Iconic-Glow-Mini-Cheek-Set/dp/B093J9MZ9M/ref=sr_1_44?crid=1NRLBT0TN12OY&keywords=bronzer&qid=1668802730&sprefix=bronzer%2Caps%2C88&sr=8-44,Nars Iconic Glow Mini Cheek Set - Orgasm - Laguna,1 Count (Pack of 1),4.9 out of 5 stars,13,$41.25,"FREE delivery Fri, Nov 25 Or fastest delivery Tue, Nov 22|",B093J9MZ9M,https://m.media-amazon.com/images/I/61SKEUaW0YL._AC_UL320_.jpg
1843,https://www.amazon.com/Tarte-Matte-Waterproof-Bronzer-Princess/dp/B003UFLNNA/ref=sr_1_45?crid=1NRLBT0TN12OY&keywords=bronzer&qid=1668802730&sprefix=bronzer%2Caps%2C88&sr=8-45,Tarte Matte Waterproof Bronzer Park Ave Princess .32 oz,0.32 Ounce (Pack of 1),4.3 out of 5 stars,168,$26.16,"FREE delivery Fri, Nov 25 Or fastest delivery Sun, Nov 20|",B003UFLNNA,https://m.media-amazon.com/images/I/71uVpWTCYfL._AC_UL320_.jpg
1844,https://www.amazon.com/Physicians-Formula-Booster-Boosting-Pressed/dp/B001T8S928/ref=sr_1_46?crid=1NRLBT0TN12OY&keywords=bronzer&qid=1668802730&sprefix=bronzer%2Caps%2C88&sr=8-46,Physicians Formula Bronze Booster Glow-Boosting Pressed Bronzer Medium to Dark,1 Count (Pack of 1),4.5 out of 5 stars,"2,588",$11.11,"FREE delivery Fri, Nov 25 on $25 of items shipped by AmazonOr fastest delivery Sun, Nov 20|",B001T8S928,https://m.media-amazon.com/images/I/81gSyS1jMnL._AC_UL320_.jpg
1845,https://www.amazon.com/Anastasia-Beverly-Hills-Bronzer-Rosewood/dp/B07BC9139Z/ref=sr_1_47?crid=1NRLBT0TN12OY&keywords=bronzer&qid=1668802730&sprefix=bronzer%2Caps%2C88&sr=8-47,Anastasia Beverly Hills - Powder Bronzer,1 Count (Pack of 1),4.7 out of 5 stars,406,$28.00,"FREE delivery Fri, Nov 25 Or fastest delivery Tue, Nov 22|",B07BC9139Z,https://m.media-amazon.com/images/I/51H6ds+0J8L._AC_UL320_.jpg
1846,https://www.amazon.com/BAREMINERALS-Endless-Summer-Bronzer-WARMTH/dp/B07RGRMJL1/ref=sr_1_48?crid=1NRLBT0TN12OY&keywords=bronzer&qid=1668802730&sprefix=bronzer%2Caps%2C88&sr=8-48,"Bare Escentuals Bare Escentuals Endless Summer Bronzer - Warmth, 0.35 Oz, clear",0.35 Ounce (Pack of 1),4.5 out of 5 stars,374,$22.00,"FREE delivery Fri, Nov 25 on $25 of items shipped by AmazonOr fastest delivery Sun, Nov 20|",B07RGRMJL1,https://m.media-amazon.com/images/I/71PDnjbWKrL._AC_UL320_.jpg
1847,https://www.amazon.com/l-f-Bronzer-Pigmented-Formula-Long-Lasting/dp/B09JL6MY7J/ref=sr_1_49?crid=1NRLBT0TN12OY&keywords=bronzer&qid=1668802730&sprefix=bronzer%2Caps%2C88&sr=8-49,"e.l.f. Putty Bronzer, Creamy & Highly Pigmented Formula, Creates a Long-Lasting Bronzed Glow, Infused with Argan Oil & Vitamin E, Tan Lines, 0.35 Oz",0.35 Ounce (Pack of 1),4.2 out of 5 stars,613,$6.41,FREE delivery on $25 shipped by Amazon.,B09JL6MY7J,https://m.media-amazon.com/images/I/51eSIJh+gQL._AC_UL320_.jpg
1848,https://www.amazon.com/LOreal-Paris-Infallible-Waterproof-sweatproof/dp/B09S8N5WV8/ref=sr_1_50?crid=1NRLBT0TN12OY&keywords=bronzer&qid=1668802730&sprefix=bronzer%2Caps%2C88&sr=8-50,"L'Oreal Paris Infallible Up to 24H Fresh Wear Soft Matte Longwear Bronzer. Waterproof, heatproof, transfer, humidity and sweatproof, Fair, 0.31 oz",$12.32 with Subscribe & Save discount$0.98 coupon applied at checkoutSave $0.98  with coupon,4.4 out of 5 stars,358,$12.97,"FREE delivery Fri, Nov 25 on $25 of items shipped by AmazonOr fastest delivery Sun, Nov 20|",B09S8N5WV8,https://m.media-amazon.com/images/I/81PnlDo27WL._AC_UL320_.jpg
1849,https://www.amazon.com/Benefit-Cosmetics-Hoola-Bronzer-Travel/dp/B01F2PK1B0/ref=sr_1_51?crid=1NRLBT0TN12OY&keywords=bronzer&qid=1668802730&sprefix=bronzer%2Caps%2C88&sr=8-51,Benefit Cosmetics Hoola Matte Bronzer Travel Mini (.14 oz),1 Count (Pack of 1),4.7 out of 5 stars,648,$23.24,"FREE delivery Fri, Nov 25 on $25 of items shipped by AmazonOr fastest delivery Tue, Nov 22|",B01F2PK1B0,https://m.media-amazon.com/images/I/51Xz+0bfFSL._AC_UL320_.jpg
1850,https://www.amazon.com/Physicians-Formula-Murumuru-Butter-Bronzer/dp/B09TNPYLC4/ref=sr_1_52?crid=1NRLBT0TN12OY&keywords=bronzer&qid=1668802730&sprefix=bronzer%2Caps%2C88&sr=8-52,Physicians Formula Murumuru Bread & Butter Bronzer Baked,0.33 Ounce (Pack of 1),4.4 out of 5 stars,203,$12.30,"FREE delivery Fri, Nov 25 on $25 of items shipped by AmazonOr fastest delivery Sun, Nov 20|",B09TNPYLC4,https://m.media-amazon.com/images/I/91f3jvVygUL._AC_UL320_.jpg
1851,https://www.amazon.com/COVERGIRL-truBlend-Bronzer-Medium-Bronze-1/dp/B01CS6AFZ8/ref=sr_1_53_mod_primary_new?crid=1NRLBT0TN12OY&keywords=bronzer&qid=1668802730&sbo=RZvfv%2F%2FHxDF%2BO5021pAnSA%3D%3D&sprefix=bronzer%2Caps%2C88&sr=8-53,COVERGIRL truBlend Bronzer Medium Bronze.1 oz,1 Ounce (Pack of 1),4.4 out of 5 stars,"413|Another way to buy|$15.99$15.99|$15.99$15.99|FREE delivery Tue, Nov 29 on $25 of items shipped by AmazonOr fastest delivery Sun, Nov 20",$14.99,"FREE delivery Nov 23 - 29 Or fastest delivery Nov 22 - 25|FREE delivery Tue, Nov 29 on $25 of items shipped by AmazonOr fastest delivery Sun, Nov 20|",B01CS6AFZ8,https://m.media-amazon.com/images/I/81OBoy-Pb-L._AC_UL320_.jpg
1852,https://www.amazon.com/FOCALLURE-Highlighter-Non-greasy-Water-resistant-Lightweight/dp/B0B31LHJ33/ref=sr_1_54?crid=1NRLBT0TN12OY&keywords=bronzer&qid=1668802730&sprefix=bronzer%2Caps%2C88&sr=8-54,"FOCALLURE 3 Pcs Cream Contour Sticks,Shades with Highlighter & Bronzer & Blush,Non-greasy and Water-resistant Face Contouring Pen,Easy to Sculpt the Face and Create a Lightweight Finishing Makeup,MEDIUM",0.2 Ounce (Pack of 3),4.2 out of 5 stars,226,$17.99,"FREE delivery Fri, Nov 25 on $25 of items shipped by AmazonOr fastest delivery Mon, Nov 21|",B0B31LHJ33,https://m.media-amazon.com/images/I/81cvx6o2eoL._AC_UL320_.jpg
1853,https://www.amazon.com/KIKO-MILANO-Contouring-pistachio-Hazelnut/dp/B07776HJD1/ref=sr_1_55?crid=1NRLBT0TN12OY&keywords=bronzer&qid=1668802730&sprefix=bronzer%2Caps%2C88&sr=8-55,KIKO MILANO - Cream Contour Stick | Creamy Texture and Matte Finish Contouring Stick | Cruelty Free Makeup | Hypoallergenic | Professional Makeup Contour | Made in Italy (Hazelnut),1 Count (Pack of 1),4.3 out of 5 stars,"4,860",$14.99,"FREE delivery Fri, Nov 25 on $25 of items shipped by AmazonOr fastest delivery Sun, Nov 20|",B07776HJD1,https://m.media-amazon.com/images/I/71wWWxUfvOL._AC_UL320_.jpg
1854,https://www.amazon.com/Laura-Geller-New-York-Bronze-n-Brighten/dp/B0032GQFK8/ref=sr_1_56?crid=1NRLBT0TN12OY&keywords=bronzer&qid=1668802730&sprefix=bronzer%2Caps%2C88&sr=8-56,LAURA GELLER NEW YORK Baked Bronze-N-Brighten Bronzer Powder -Fair - Dermatologist Approved,2.5 Ounce (Pack of 1),4.5 out of 5 stars,"2,233",$31.95,"FREE delivery Fri, Nov 25 Or fastest delivery Sun, Nov 20||Small Business|Small Business|Small Business|<img alt="""" src=""https://m.media-amazon.com/images/I/111mHoVK0kL._SS200_.png"" height=""50px"" width=""50px""/>  Small Business|<img alt="""" src=""https://m.media-amazon.com/images/I/111mHoVK0kL._SS200_.png"" height=""50px"" width=""50px""/>  Small Business",B0032GQFK8,https://m.media-amazon.com/images/I/71JzSpPQ5xL._AC_UL320_.jpg|https://m.media-amazon.com/images/I/111mHoVK0kL._SS200_.png|
1855,https://www.amazon.com/Clinique-Bronze-Pressed-Bronzer-Sunkissed/dp/B000GHNLN0/ref=sr_1_57?crid=1NRLBT0TN12OY&keywords=bronzer&qid=1668802730&sprefix=bronzer%2Caps%2C88&sr=8-57,"Clinique True Bronze Pressed Powder Bronzer, No. 02 Sunkissed, 0.33 Ounce",0.33 Ounce (Pack of 1),4.7 out of 5 stars,761,$29.97,"FREE delivery Fri, Nov 25 Or fastest delivery Tue, Nov 22|",B000GHNLN0,https://m.media-amazon.com/images/I/81Q0rDN65oL._AC_UL320_.jpg
1856,https://www.amazon.com/Beaches-Bronzer-Elizabeth-Mott-Cruelty/dp/B01MF72PPZ/ref=sr_1_58?crid=1NRLBT0TN12OY&keywords=bronzer&qid=1668802730&sprefix=bronzer%2Caps%2C88&sr=8-58,Elizabeth Mott Whatup Beaches Bronzer Face Powder Contour Kit - Vegan and Cruelty Free Facial Bronzing Powder for Contouring and Sun Kissed Coverage - Matte (10g),0.35 Ounce (Pack of 1),4.4 out of 5 stars,"3,555",$16.49,"FREE delivery Fri, Nov 25 on $25 of items shipped by AmazonOr fastest delivery Sun, Nov 20||Small Business|Small Business|Small Business|<img alt="""" src=""https://m.media-amazon.com/images/I/111mHoVK0kL._SS200_.png"" height=""50px"" width=""50px""/>  Small Business|<img alt="""" src=""https://m.media-amazon.com/images/I/111mHoVK0kL._SS200_.png"" height=""50px"" width=""50px""/>  Small Business",B01MF72PPZ,https://m.media-amazon.com/images/I/61MAsgZ8pML._AC_UL320_.jpg|https://m.media-amazon.com/images/I/111mHoVK0kL._SS200_.png|
1857,https://www.amazon.com/Benefit-Cosmetics-Hoola-Matte-Bronzer/dp/B01MTIMRLK/ref=sr_1_59?crid=1NRLBT0TN12OY&keywords=bronzer&qid=1668802730&sprefix=bronzer%2Caps%2C88&sr=8-59,Benefit Cosmetics Hoola Matte Bronzer - 0.14 oz / 4 g - travel size by Benefit Cosmetics,0.14 Ounce (Pack of 1),4.4 out of 5 stars,800,$29.95,FREE delivery Nov 28 - Dec 2 Or fastest delivery Nov 22 - 23,B01MTIMRLK,https://m.media-amazon.com/images/I/51Iaq9KfFPL._AC_UL320_.jpg
1858,https://www.amazon.com/Tarte-Amazonian-Bronzer-Princess-Ounce/dp/B003UF9PEO/ref=sr_1_60?crid=1NRLBT0TN12OY&keywords=bronzer&qid=1668802730&sprefix=bronzer%2Caps%2C88&sr=8-60,Tarte Amazonian Clay Bronzer Park Ave Princess 0.32 Ounce,"FREE delivery Fri, Nov 25 Or fastest delivery Mon, Nov 21",4.6 out of 5 stars,142,$27.42,"FREE delivery Fri, Nov 25 Or fastest delivery Mon, Nov 21|",B003UF9PEO,https://m.media-amazon.com/images/I/6190tWxNfvL._AC_UL320_.jpg
1859,https://aax-us-iad.amazon.com/x/c/ROYZxq4VHn9rlUmpk-0tHPMAAAGEjGTalwEAAAH2AQBOL0EgICAgICAgICAgICBOL0EgICAgICAgICAgICCDxfu1/https://www.amazon.com/dp/B07TJYVYB1?pd_rd_i=B07TJYVYB1&pf_rd_p=55defc4a-7c1e-47a7-8d1d-5cc458cca688&pf_rd_r=X71AQ2Y2XGY9KRPP9QK4&pd_rd_wg=l2gDN&pd_rd_w=m4Dya&pd_rd_r=76a61755-ec82-40f5-80aa-219754f96500,"Skinny Tan Wonder Serum Sunless Tanning Bronzer | Medium-Dark Instant Self Tanner | Long Lasting, Anti-Aging, Hydrating, Flawless Tan | Cruelty Free, Vegan Friendly Ingredients, 4.9 FL Oz.",Sponsored,4.2 out of 5 stars,452,$39.99,"FREE delivery Fri, Nov 25 Or fastest delivery Sun, Nov 20|",,
1867,https://www.amazon.com/sspa/click?ie=UTF8&spc=MTozNzU3NzQ5MTMxNDc3NjY3OjE2Njg4MDI3NTU6c3BfYXRmOjIwMDAxMDY4OTcxNjUzMTo6MDo6&url=%2FAmazonBasics-Chisel-Tip-Highlighters-Pack%2Fdp%2FB01FV0FD0U%2Fref%3Dsr_1_1_sspa%3Fcrid%3D2JDVFL1N2JDL2%26keywords%3Dhighlighter%26qid%3D1668802755%26sprefix%3Dhighlighter%252Caps%252C182%26sr%3D8-1-spons%26sp_csd%3Dd2lkZ2V0TmFtZT1zcF9hdGY%26psc%3D1,"Amazon Basics Chisel Tip, Fluorescent Ink Highlighters, Assorted Colors - Pack of 24",Featured from our brands,4.7 out of 5 stars,"24,203",$9.57,"FREE delivery Fri, Nov 25 on $25 of items shipped by AmazonOr fastest delivery Tue, Nov 22|",B01FV0FD0U,https://m.media-amazon.com/images/I/71fkeze3ZVL._AC_UL320_.jpg
1868,https://www.amazon.com/sspa/click?ie=UTF8&spc=MTozNzU3NzQ5MTMxNDc3NjY3OjE2Njg4MDI3NTU6c3BfYXRmOjIwMDA1ODM1NzIwMjk5ODo6MDo6&url=%2FDual-Ended-Creative-Highlighter-Assorted-Stand-up%2Fdp%2FB09TRZ5W89%2Fref%3Dsr_1_2_sspa%3Fcrid%3D2JDVFL1N2JDL2%26keywords%3Dhighlighter%26qid%3D1668802755%26sprefix%3Dhighlighter%252Caps%252C182%26sr%3D8-2-spons%26sp_csd%3Dd2lkZ2V0TmFtZT1zcF9hdGY%26psc%3D1,"Sharpie S-Note Duo Dual-Ended Creative Markers, Part Highlighter, Part Art Marker, Assorted Colors, Fine and Chisel Tips, Includes Stand-up Easel, 16 Count",Sponsored,4.6 out of 5 stars,606,$14.93,"FREE delivery Fri, Nov 25 on $25 of items shipped by AmazonOr fastest delivery Sun, Nov 20|",B09TRZ5W89,https://m.media-amazon.com/images/I/81eD76UlM1L._AC_UL320_.jpg
1869,https://www.amazon.com/BIC-Highlighter-Chisel-Assorted-5-Count/dp/B010DS3O06/ref=sr_1_3?crid=2JDVFL1N2JDL2&keywords=highlighter&qid=1668802755&sprefix=highlighter%2Caps%2C182&sr=8-3,"BIC Brite Liner Highlighter, Chisel Tip, Assorted Colors, For Broad Highlighting or Fine Underlining, 5 count (Pack of 1)",($0.42/Highlighter),4.8 out of 5 stars,"2,484",$2.10,"FREE delivery Fri, Nov 25 on $25 of items shipped by AmazonOr fastest delivery Sun, Nov 20|",B010DS3O06,https://m.media-amazon.com/images/I/812T6hjp9xL._AC_UL320_.jpg
1870,https://www.amazon.com/Sharpie-25145-Highlighters-Assorted-Fluorescent/dp/B002BA5WLE/ref=sr_1_4?crid=2JDVFL1N2JDL2&keywords=highlighter&qid=1668802755&sprefix=highlighter%2Caps%2C182&sr=8-4,"Sharpie Tank Style Highlighters, Chisel Tip, Assorted, 12 Count",($0.72/Count),4.8 out of 5 stars,"13,570",$8.67,"FREE delivery Fri, Nov 25 on $25 of items shipped by AmazonOr fastest delivery Sun, Nov 20|",B002BA5WLE,https://m.media-amazon.com/images/I/715NJk16uhL._AC_UL320_.jpg
1871,https://www.amazon.com/AmazonBasics-Tank-Style-Highlighters-12-Pack/dp/B087TYF8SP/ref=sr_1_5?crid=2JDVFL1N2JDL2&keywords=highlighter&qid=1668802755&sprefix=highlighter%2Caps%2C182&sr=8-5,"Amazon Basics Tank Style Highlighters - Chisel Tip, Yellow, 12-Pack",($0.52/Count),4.8 out of 5 stars,"1,406",$6.29,"FREE delivery Fri, Nov 25 on $25 of items shipped by AmazonOr fastest delivery Sun, Nov 20|",B087TYF8SP,https://m.media-amazon.com/images/I/71tEuKlNoHL._AC_UL320_.jpg
1872,https://www.amazon.com/AmazonBasics-Tank-Style-Highlighters-12-Pack/dp/B087TYF8SP/ref=sxin_13_ac_d_rm?ac_md=0-0-aGlnaGxpZ2h0ZXI%3D-ac_d_rm_rm_rm&content-id=amzn1.sym.568df61d-e115-4cb1-a96a-ba070b8f0935%3Aamzn1.sym.568df61d-e115-4cb1-a96a-ba070b8f0935&crid=2JDVFL1N2JDL2&cv_ct_cx=highlighter&keywords=highlighter&pd_rd_i=B087TYF8SP&pd_rd_r=f2878111-ebf0-4900-b825-4da39f9083c6&pd_rd_w=oE1Bx&pd_rd_wg=ffBq9&pf_rd_p=568df61d-e115-4cb1-a96a-ba070b8f0935&pf_rd_r=XQ53EZ5V6WDX88BHRPVH&psc=1&qid=1668802755&sprefix=highlighter%2Caps%2C182&sr=1-1-7d9bfb42-6e38-4445-b604-42cab39e191b,"Amazon Basics Tank Style Highlighters - Chisel Tip, Yellow, 12-Pack",Customers shopped Amazon's Choice for…,4.8 out of 5 stars|4.7 out of 5 stars|4.6 out of 5 stars|4.7 out of 5 stars|4.8 out of 5 stars,"1,406|24,203|1,570|857|2,237",$6.29,,,https://m.media-amazon.com/images/I/71tEuKlNoHL._AC_UL320_.jpg|https://m.media-amazon.com/images/I/71XRuo0ty8L._AC_UL320_.jpg|https://m.media-amazon.com/images/I/81i2idBvUCL._AC_UL320_.jpg|https://m.media-amazon.com/images/I/81yKALVbpZL._AC_UL320_.jpg|https://m.media-amazon.com/images/I/81d74-nWvML._AC_UL320_.jpg
1873,https://www.amazon.com/RMS-Beauty-Luminizer-Highlighter-Living/dp/B01IPUINFU/ref=sxin_14?asc_contentid=amzn1.osa.1a936cbc-0167-4314-afc2-dfe0f68cd8ea.ATVPDKIKX0DER.en_US&asc_contenttype=article&ascsubtag=amzn1.osa.1a936cbc-0167-4314-afc2-dfe0f68cd8ea.ATVPDKIKX0DER.en_US&content-id=amzn1.sym.01243ef6-1f4d-40e2-ad34-d02b1375dcf1%3Aamzn1.sym.01243ef6-1f4d-40e2-ad34-d02b1375dcf1&creativeASIN=B01IPUINFU&crid=2JDVFL1N2JDL2&cv_ct_cx=highlighter&cv_ct_id=amzn1.osa.1a936cbc-0167-4314-afc2-dfe0f68cd8ea.ATVPDKIKX0DER.en_US&cv_ct_pg=search&cv_ct_we=asin&cv_ct_wn=osp-single-source-pecos-desktop&keywords=highlighter&linkCode=oas&pd_rd_i=B01IPUINFU&pd_rd_r=f2878111-ebf0-4900-b825-4da39f9083c6&pd_rd_w=5cQrr&pd_rd_wg=ffBq9&pf_rd_p=01243ef6-1f4d-40e2-ad34-d02b1375dcf1&pf_rd_r=XQ53EZ5V6WDX88BHRPVH&qid=1668802755&sprefix=highlighter%2Caps%2C182&sr=1-1-c26ac7f6-b43f-4741-a772-17cad7536576&tag=byrdiepublish-20,"RMS Beauty Luminizer Highlighter - Creamy Light-Reflective Organic Face Makeup Palette for Dewy, Glowing & Nourished Skin - Living (0.17 Ounce)",By,4.3 out of 5 stars|4.2 out of 5 stars|4.5 out of 5 stars|4.4 out of 5 stars|4.5 out of 5 stars,"412|4,337|18,095|709|688",$38.00,"Small Business|Small Business|Small Business|<img alt="""" src=""https://m.media-amazon.com/images/I/111mHoVK0kL._SS200_.png"" height=""50px"" width=""50px""/>  Small Business|<img alt="""" src=""https://m.media-amazon.com/images/I/111mHoVK0kL._SS200_.png"" height=""50px"" width=""50px""/>  Small Business|Small Business|Small Business|Small Business|<img alt="""" src=""https://m.media-amazon.com/images/I/111mHoVK0kL._SS200_.png"" height=""50px"" width=""50px""/>  Small Business|<img alt="""" src=""https://m.media-amazon.com/images/I/111mHoVK0kL._SS200_.png"" height=""50px"" width=""50px""/>  Small Business",,https://m.media-amazon.com/images/I/410bTEx9WQL._AC_UL320_.jpg|https://m.media-amazon.com/images/I/111mHoVK0kL._SS200_.png||https://m.media-amazon.com/images/I/51zLYhve54L._AC_UL320_.jpg|https://m.media-amazon.com/images/I/813QmoDJKEL._AC_UL320_.jpg|https://m.media-amazon.com/images/I/81lPHJzWvcL._AC_UL320_.jpg|https://m.media-amazon.com/images/I/81p6nx+wQLL._AC_UL320_.jpg|https://m.media-amazon.com/images/I/111mHoVK0kL._SS200_.png|
1874,https://aax-us-iad.amazon.com/x/c/RP5fs5xvXR9ESSGHqr9Xj94AAAGEjGU9mAEAAAH2AQBOL0EgICAgICAgICAgICBOL0EgICAgICAgICAgICCSnqCj/https://www.amazon.com/dp/B07SG54C76?pd_rd_i=B07SG54C76&pf_rd_p=b000e0a0-9e93-480f-bf78-a83c8136dfcb&pf_rd_r=XQ53EZ5V6WDX88BHRPVH&pd_rd_wg=ffBq9&pd_rd_w=f5hrg&pd_rd_r=f2878111-ebf0-4900-b825-4da39f9083c6,"TWOHANDS Highlighter,Pastel Colors,Chisel Tip Marker Pen,6 Assorted Colors, for Adults & Kids,School Supplies,with Large Ink Reservoir for Extra Long Marking Performance 2007",Sponsored,4.8 out of 5 stars,"13,485",$6.99,"FREE delivery Fri, Nov 25 on $25 of items shipped by AmazonOr fastest delivery Sun, Nov 20|",,
1876,https://www.amazon.com/TWOHANDS-Highlighter-Assorted-Reservoir-Performance/dp/B07SG54C76/ref=sr_1_6?crid=2JDVFL1N2JDL2&keywords=highlighter&qid=1668802755&sprefix=highlighter%2Caps%2C182&sr=8-6,"TWOHANDS Highlighter,Pastel Colors,Chisel Tip Marker Pen,6 Assorted Colors, for Adults & Kids,School Supplies,with Large Ink Reservoir for Extra Long Marking Performance 2007",$6.29 with Subscribe & Save discount,4.8 out of 5 stars,"13,485",$6.99,"FREE delivery Fri, Nov 25 on $25 of items shipped by AmazonOr fastest delivery Sun, Nov 20|",B07SG54C76,https://m.media-amazon.com/images/I/51I1aF6cvaS._AC_UL320_.jpg
1877,https://www.amazon.com/Alohaster-Aesthetic-Highlighters-Assorted-Supplies/dp/B09C4141NF/ref=sr_1_7?crid=2JDVFL1N2JDL2&keywords=highlighter&qid=1668802755&sprefix=highlighter%2Caps%2C182&sr=8-7,"Alohaster HPSIZEE Aesthetic Cute Highlighters Mild Assorted Colors With Soft Chisel Tip, No Bleed Dry Fast Easy to Hold, for Journal Bible Planner Notes School Office Supplies, 6 Pack - Youth",($1.33/Count),4.7 out of 5 stars,"6,257",$7.99,"FREE delivery Fri, Nov 25 on $25 of items shipped by AmazonOr fastest delivery Sun, Nov 20|",B09C4141NF,https://m.media-amazon.com/images/I/61vVkJNVw+L._AC_UL320_.jpg
1878,https://www.amazon.com/Sharpie-Clear-Highlighter-Assorted-1966798/dp/B019QROV9S/ref=sr_1_8?crid=2JDVFL1N2JDL2&keywords=highlighter&qid=1668802755&sprefix=highlighter%2Caps%2C182&sr=8-8,"Sharpie Highlighter, Clear View Highlighter with See-Through Chisel Tip, Stick Highlighter, Assorted, 8 Count",($1.72/Count),4.7 out of 5 stars,"8,791",$13.79,"FREE delivery Fri, Nov 25 on $25 of items shipped by AmazonOr fastest delivery Sun, Nov 20|",B019QROV9S,https://m.media-amazon.com/images/I/81-AF1zF3FL._AC_UL320_.jpg
1879,https://www.amazon.com/Sharpie-27145-Highlighters-Assorted-12-Count/dp/B002BA5WMI/ref=sr_1_9?crid=2JDVFL1N2JDL2&keywords=highlighter&qid=1668802755&sprefix=highlighter%2Caps%2C182&sr=8-9,"SHARPIE Liquid Pocket Highlighters Assorted Colors | Chisel Tip Highlighter Pens, 24 Count",($0.62/Count),4.8 out of 5 stars,"37,363",$7.49,"FREE delivery Fri, Nov 25 on $25 of items shipped by AmazonOr fastest delivery Sun, Nov 20|",B002BA5WMI,https://m.media-amazon.com/images/I/81FSzr2jlTL._AC_UL320_.jpg
1880,https://www.amazon.com/Sharpie-Highlighters-Chisel-Assorted-Color/dp/B08MBF61DH/ref=sr_1_10?crid=2JDVFL1N2JDL2&keywords=highlighter&qid=1668802755&sprefix=highlighter%2Caps%2C182&sr=8-10,"Sharpie Tank Highlighters, Chisel Tip, Assorted Color Highlighters, Value Pack, 36 Count",($0.52/Count),4.8 out of 5 stars,"4,670",$18.61,"FREE delivery Fri, Nov 25 on $25 of items shipped by AmazonOr fastest delivery Sun, Nov 20|",B08MBF61DH,https://m.media-amazon.com/images/I/71Ms1t2SIDL._AC_UL320_.jpg
1881,https://www.amazon.com/BIC-Pastel-Highlighters-Colors-Chisel/dp/B0819FJLH7/ref=sr_1_11?crid=2JDVFL1N2JDL2&keywords=highlighter&qid=1668802755&sprefix=highlighter%2Caps%2C182&sr=8-11,"BIC Brite Liner Grip Pastel Highlighter Set, Chisel Tip, 12-Count Pack of Pastel Highlighters in Assorted Colors, Cute Highlighters for Bullet Journal Exercises, Note Taking and More",($0.45/Count),4.8 out of 5 stars,"12,329",$5.42,"FREE delivery Fri, Nov 25 on $25 of items shipped by AmazonOr fastest delivery Sun, Nov 20|",B0819FJLH7,https://m.media-amazon.com/images/I/71aRMvaIlwL._AC_UL320_.jpg
1882,https://www.amazon.com/Sharpie-Pocket-Style-Highlighters-Fluorescent-27162PP/dp/B002TTOZ1U/ref=sr_1_12?crid=2JDVFL1N2JDL2&keywords=highlighter&qid=1668802755&sprefix=highlighter%2Caps%2C182&sr=8-12,"Sharpie Accent Pocket-Style Highlighters, 2 Fluorescent Yellow Highlighters (27162PP)",($2.13/Count),4.8 out of 5 stars,"1,614",$4.26,"FREE delivery Fri, Nov 25 on $25 of items shipped by AmazonOr fastest delivery Sun, Nov 20|",B002TTOZ1U,https://m.media-amazon.com/images/I/71UTx+tAqDL._AC_UL320_.jpg
1883,https://www.amazon.com/BIC-Highlighter-Chisel-Yellow-24-Count/dp/B00I8RKMSM/ref=sr_1_13?crid=2JDVFL1N2JDL2&keywords=highlighter&qid=1668802755&sprefix=highlighter%2Caps%2C182&sr=8-13,"BIC Brite Liner Highlighter, Chisel Tip, Yellow, 24-Count, Chisel Tip for Broad Highlighting or Fine Underlining",($0.35/Count),4.8 out of 5 stars,"2,150",$8.41,"FREE delivery Fri, Nov 25 on $25 of items shipped by AmazonOr fastest delivery Sun, Nov 20|",B00I8RKMSM,https://m.media-amazon.com/images/I/71ETojSmdGS._AC_UL320_.jpg
1884,https://www.amazon.com/Mr-Aesthetic-Highlighters-Highlighter-Assorted/dp/B09WSRY8RY/ref=sr_1_14?crid=2JDVFL1N2JDL2&keywords=highlighter&qid=1668802755&sprefix=highlighter%2Caps%2C182&sr=8-14,"Mr. Pen- Aesthetic Highlighters, 8 Pcs, Chisel Tip, Muted Pastel Color, No Bleed Bible Highlighter Pastel, Highlighters Assorted Colors, Pastel Highlighter Set, Aesthetic School Supplies",Save more with Subscribe & Save,4.6 out of 5 stars,309,$5.99,"FREE delivery Fri, Nov 25 on $25 of items shipped by AmazonOr fastest delivery Tue, Nov 22|",B09WSRY8RY,https://m.media-amazon.com/images/I/712QWjsqr4L._AC_UL320_.jpg
1885,https://www.amazon.com/Sharpie-28101-Retractable-Highlighters-Assorted/dp/B000I0VMMC/ref=sr_1_15?crid=2JDVFL1N2JDL2&keywords=highlighter&qid=1668802755&sprefix=highlighter%2Caps%2C182&sr=8-15,"Sharpie Retractable Highlighters, Chisel Tip, Assorted, 8 Count",($1.23/Count),4.8 out of 5 stars,"16,685",$9.80,"FREE delivery Fri, Nov 25 on $25 of items shipped by AmazonOr fastest delivery Sun, Nov 20|",B000I0VMMC,https://m.media-amazon.com/images/I/81FTNGbbnnL._AC_UL320_.jpg
1886,https://www.amazon.com/Sharpie-Tank-Style-Highlighters-Colored-25876PP/dp/B002DS0W28/ref=sr_1_16?crid=2JDVFL1N2JDL2&keywords=highlighter&qid=1668802755&sprefix=highlighter%2Caps%2C182&sr=8-16,"Sharpie Accent Tank-Style Highlighters, 6 Colored Highlighters (25876PP)",($0.99/Count),4.8 out of 5 stars,385,$5.92,"FREE delivery Fri, Nov 25 on $25 of items shipped by AmazonOr fastest delivery Sun, Nov 20|",B002DS0W28,https://m.media-amazon.com/images/I/81tPkhZfEjL._AC_UL320_.jpg
1887,https://www.amazon.com/sspa/click?ie=UTF8&spc=MTozNzU3NzQ5MTMxNDc3NjY3OjE2Njg4MDI3NTU6c3BfbXRmOjIwMDA1Nzg4NjMwODYxMTo6MDo6&url=%2FAmazonBasics-Tank-Style-Highlighters-12-Pack%2Fdp%2FB087TYF8SP%2Fref%3Dsr_1_17_sspa%3Fcrid%3D2JDVFL1N2JDL2%26keywords%3Dhighlighter%26qid%3D1668802755%26sprefix%3Dhighlighter%252Caps%252C182%26sr%3D8-17-spons%26sp_csd%3Dd2lkZ2V0TmFtZT1zcF9tdGY%26psc%3D1,"Amazon Basics Tank Style Highlighters - Chisel Tip, Yellow, 12-Pack",Featured from our brands,4.8 out of 5 stars,"1,406",$6.29,"FREE delivery Fri, Nov 25 on $25 of items shipped by AmazonOr fastest delivery Sun, Nov 20|",B087TYF8SP,https://m.media-amazon.com/images/I/71tEuKlNoHL._AC_UL320_.jpg
1888,https://www.amazon.com/sspa/click?ie=UTF8&spc=MTozNzU3NzQ5MTMxNDc3NjY3OjE2Njg4MDI3NTU6c3BfbXRmOjIwMDA4NDk5ODkwOTQ5ODo6MDo6&url=%2FHighlighter-Colored-Different-Writing-Drawing%2Fdp%2FB0B4687BBN%2Fref%3Dsr_1_18_sspa%3Fcrid%3D2JDVFL1N2JDL2%26keywords%3Dhighlighter%26qid%3D1668802755%26sprefix%3Dhighlighter%252Caps%252C182%26sr%3D8-18-spons%26sp_csd%3Dd2lkZ2V0TmFtZT1zcF9tdGY%26psc%3D1%26smid%3DA3LUC2ICZ7EP27,"Curve Highlighter Pen Set, Colored Curve Pens with 6 Different Curve Shapes, Colored Curve Highlighter for Writing Drawing, Heart/flower/curve/dotted Line/slash/dot",Sponsored,4.1 out of 5 stars,52,$11.99,"FREE delivery Fri, Nov 25 on $25 of items shipped by AmazonOr fastest delivery Tue, Nov 22|",B0B4687BBN,https://m.media-amazon.com/images/I/613EgKaZ3xL._AC_UL320_.jpg
1889,https://www.amazon.com/sspa/click?ie=UTF8&spc=MTozNzU3NzQ5MTMxNDc3NjY3OjE2Njg4MDI3NTU6c3BfbXRmOjIwMDAzNjkzMDIyMDE1MTo6MDo6&url=%2FHighlighters-Shuttle-Art-Highlighter-Highlighting%2Fdp%2FB08K2YXHC7%2Fref%3Dsr_1_19_sspa%3Fcrid%3D2JDVFL1N2JDL2%26keywords%3Dhighlighter%26qid%3D1668802755%26sprefix%3Dhighlighter%252Caps%252C182%26sr%3D8-19-spons%26sp_csd%3Dd2lkZ2V0TmFtZT1zcF9tdGY%26psc%3D1,"Highlighters, Shuttle Art 8 Assorted Colors Highlighter Pens, Chisel Tip Dry-Quickly Non-Toxic Highlighter Markers for Adults Kids Highlighting on Home School Office",Sponsored,4.6 out of 5 stars,"1,780",$7.99,"FREE delivery Fri, Nov 25 on $25 of items shipped by AmazonOr fastest delivery Sun, Nov 20|",B08K2YXHC7,https://m.media-amazon.com/images/I/71SQf9BdzCL._AC_UL320_.jpg
1890,https://www.amazon.com/sspa/click?ie=UTF8&spc=MTozNzU3NzQ5MTMxNDc3NjY3OjE2Njg4MDI3NTU6c3BfbXRmOjIwMDAwNzM1MDM1MjE4MTo6MDo6&url=%2FSharpie-Electro-Permanent-Markers-Assorted%2Fdp%2FB00UHUKKHQ%2Fref%3Dsr_1_20_sspa%3Fcrid%3D2JDVFL1N2JDL2%26keywords%3Dhighlighter%26qid%3D1668802755%26sprefix%3Dhighlighter%252Caps%252C182%26sr%3D8-20-spons%26sp_csd%3Dd2lkZ2V0TmFtZT1zcF9tdGY%26psc%3D1,"Sharpie 1927350 Electro Pop Permanent Markers, Fine Point, Assorted Colors, 24 Count",Sponsored,4.9 out of 5 stars,"16,801",$16.79,"FREE delivery Fri, Nov 25 on $25 of items shipped by AmazonOr fastest delivery Tue, Nov 22|",B00UHUKKHQ,https://m.media-amazon.com/images/I/81JEviEB38L._AC_UL320_.jpg
1891,https://www.amazon.com/BIC-Highlighter-Chisel-Assorted-24-Count/dp/B00V86BJU0/ref=sr_1_21?crid=2JDVFL1N2JDL2&keywords=highlighter&qid=1668802755&sprefix=highlighter%2Caps%2C182&sr=8-21,"BIC Brite Liner Highlighters Markers, Chisel Tip Super Bright Fluorescent Highlighters Assorted Colors, Won't Dry Out, 24-Count Pack (BL241-AST)",($0.33/Count),4.7 out of 5 stars,"4,539",$8.00,"FREE delivery Fri, Nov 25 on $25 of items shipped by AmazonOr fastest delivery Sun, Nov 20|",B00V86BJU0,https://m.media-amazon.com/images/I/81fG-tNs59L._AC_UL320_.jpg
1892,https://www.amazon.com/Avery-Hi-liter-6-Pack-Assorted-23585/dp/B072JL4W4R/ref=sr_1_22?crid=2JDVFL1N2JDL2&keywords=highlighter&qid=1668802755&sprefix=highlighter%2Caps%2C182&sr=8-22,"Avery Hi-Liter Pen-Style Highlighters, Smear Safe Ink, Chisel Tip, 6 Assorted Color Highlighters (23585)",($0.47/Count),4.7 out of 5 stars,"9,151",$2.79,"FREE delivery Fri, Nov 25 on $25 of items shipped by AmazonOr fastest delivery Sun, Nov 20|",B072JL4W4R,https://m.media-amazon.com/images/I/816CgVVod7L._AC_UL320_.jpg
1893,https://www.amazon.com/BIC-Highlighter-Chisel-Assorted-5-Count/dp/B000Q5ZGIA/ref=sr_1_23?crid=2JDVFL1N2JDL2&keywords=highlighter&qid=1668802755&sprefix=highlighter%2Caps%2C182&sr=8-23,"BIC Brite Liner Highlighter, Chisel Tip, Assorted Highlighter Colors, 5-Count, Chisel Tip for Broad Highlighting or Fine Underlining",($0.42/Count),4.8 out of 5 stars,"20,170",$2.10,"FREE delivery Fri, Nov 25 on $25 of items shipped by AmazonOr fastest delivery Sun, Nov 20|",B000Q5ZGIA,https://m.media-amazon.com/images/I/812T6hjp9xL._AC_UL320_.jpg
1894,https://www.amazon.com/Zebra-Pen-Mildliner-Highlighter-Assorted/dp/B0752WWCTN/ref=sr_1_24?crid=2JDVFL1N2JDL2&keywords=highlighter&qid=1668802755&sprefix=highlighter%2Caps%2C182&sr=8-24,"Zebra Pen Mildliner, Double Ended Highlighter, Broad and Fine Tips, Assorted Colors, 15 Pack",($1.18/Count),4.8 out of 5 stars,"36,407",$17.74,"FREE delivery Fri, Nov 25 on $25 of items shipped by AmazonOr fastest delivery Sun, Nov 20|",B0752WWCTN,https://m.media-amazon.com/images/I/81iJYy5jnnL._AC_UL320_.jpg
1895,https://www.amazon.com/AmazonBasics-Liquid-Ink-Highlighters-Assorted/dp/B087TYCNS7/ref=sr_1_25?crid=2JDVFL1N2JDL2&keywords=highlighter&qid=1668802755&sprefix=highlighter%2Caps%2C182&sr=8-25,"Amazon Basics Liquid Ink Highlighters - Chisel Tip, Assorted Colors, 12-Pack",($0.29/Count),4.6 out of 5 stars,843,$3.45,"FREE delivery Fri, Nov 25 on $25 of items shipped by AmazonOr fastest delivery Sun, Nov 20|",B087TYCNS7,https://m.media-amazon.com/images/I/81b3oO5VCHL._AC_UL320_.jpg
1896,https://www.amazon.com/BIC-Highlighter-Chisel-Yellow-12-Count/dp/B0017D2L42/ref=sr_1_26?crid=2JDVFL1N2JDL2&keywords=highlighter&qid=1668802755&sprefix=highlighter%2Caps%2C182&sr=8-26,"BIC Brite Liner Highlighters, Chisel Tip, Yellow Highlighters, 12-Count, For Broad Highlighting or Fine Underlining",($0.47/Count),4.8 out of 5 stars,"3,577",$5.58,"FREE delivery Fri, Nov 25 on $25 of items shipped by AmazonOr fastest delivery Mon, Nov 21|",B0017D2L42,https://m.media-amazon.com/images/I/71uId1dtpsL._AC_UL320_.jpg
1897,https://www.amazon.com/Sharpie-25025-Highlighters-Fluorescent-12-Count/dp/B00006IEJ9/ref=sr_1_27?crid=2JDVFL1N2JDL2&keywords=highlighter&qid=1668802755&sprefix=highlighter%2Caps%2C182&sr=8-27,"Sharpie Tank Style Highlighters, Chisel Tip, Fluorescent Yellow, Box of 12",($0.88/Count),4.8 out of 5 stars,"3,990",$10.55,"FREE delivery Fri, Nov 25 on $25 of items shipped by AmazonOr fastest delivery Sun, Nov 20|",B00006IEJ9,https://m.media-amazon.com/images/I/81+TzurxAIL._AC_UL320_.jpg
1898,https://www.amazon.com/Rarlan-Highlighters-Assorted-Fluorescent-Classpack/dp/B082D5251K/ref=sr_1_28?crid=2JDVFL1N2JDL2&keywords=highlighter&qid=1668802755&sprefix=highlighter%2Caps%2C182&sr=8-28,"Rarlan Highlighters, Chisel Tip, Assorted Fluorescent, 96 Count Bulk Pack",($0.21/Count),4.7 out of 5 stars,"1,030",$19.99,"FREE delivery Fri, Nov 25 on $25 of items shipped by AmazonOr fastest delivery Sun, Nov 20|",B082D5251K,https://m.media-amazon.com/images/I/71WDlxlqpfL._AC_UL320_.jpg
1899,https://www.amazon.com/Sharpie-Accent-Pocket-Style-Highlighters-Assorted/dp/B0012V77SO/ref=sr_1_29?crid=2JDVFL1N2JDL2&keywords=highlighter&qid=1668802755&sprefix=highlighter%2Caps%2C182&sr=8-29,"Sharpie Pocket Style Highlighters, Chisel Tip, Assorted Colors, 4 Count (Pack of 1)",($0.70/Count),4.7 out of 5 stars,"1,395",$2.79,"FREE delivery Fri, Nov 25 on $25 of items shipped by AmazonOr fastest delivery Sun, Nov 20|",B0012V77SO,https://m.media-amazon.com/images/I/81mewAv0LDL._AC_UL320_.jpg
1900,https://www.amazon.com/Sharpie-Accent-Pocket-Style-Highlighters-Fluorescent/dp/B00006IEJG/ref=sr_1_30?crid=2JDVFL1N2JDL2&keywords=highlighter&qid=1668802755&sprefix=highlighter%2Caps%2C182&sr=8-30,"Sharpie Accent Pocket-Style Highlighters, Fluorescent Yellow , Chisel Tip, Dozen - 27025",($0.69/Count),4.8 out of 5 stars,"2,900",$8.23,"FREE delivery Fri, Nov 25 on $25 of items shipped by AmazonOr fastest delivery Sun, Nov 20|",B00006IEJG,https://m.media-amazon.com/images/I/51BUZw44QIL._AC_UL320_.jpg
1901,https://www.amazon.com/Sharpie-1912769-Highlighters-Assorted-4-Count/dp/B00M58JUFQ/ref=sr_1_31?crid=2JDVFL1N2JDL2&keywords=highlighter&qid=1668802755&sprefix=highlighter%2Caps%2C182&sr=8-31,"Sharpie 1912769 Clear View Highlighters, Chisel Tip, Assorted Colors, 4-Count",($2.00/Count),4.8 out of 5 stars,"6,142",$8.00,"FREE delivery Fri, Nov 25 on $25 of items shipped by AmazonOr fastest delivery Sun, Nov 20|",B00M58JUFQ,https://m.media-amazon.com/images/I/816RKG4QpfL._AC_UL320_.jpg
1902,https://www.amazon.com/Sharpie-25162PP-Tank-Style-Highlighter-Fluorescent/dp/B000BQRQ3C/ref=sr_1_32?crid=2JDVFL1N2JDL2&keywords=highlighter&qid=1668802755&sprefix=highlighter%2Caps%2C182&sr=8-32,"Sharpie 25162PP Accent Tank-Style Highlighter, Fluorescent Yellow, 2-Pack",($2.55/Count),4.8 out of 5 stars,"2,237",$5.09,"FREE delivery Fri, Nov 25 on $25 of items shipped by AmazonOr fastest delivery Sun, Nov 20|",B000BQRQ3C,https://m.media-amazon.com/images/I/81d74-nWvML._AC_UL320_.jpg
1903,https://www.amazon.com/sspa/click?ie=UTF8&spc=MTozNzU3NzQ5MTMxNDc3NjY3OjE2Njg4MDI3NTU6c3BfbXRmOjIwMDA5ODg4Mzk2OTU5ODo6MDo6&url=%2FWritech-Pastel-Highlighters-Assorted-Colors%2Fdp%2FB0B5R9X69N%2Fref%3Dsr_1_33_sspa%3Fcrid%3D2JDVFL1N2JDL2%26keywords%3Dhighlighter%26qid%3D1668802755%26sprefix%3Dhighlighter%252Caps%252C182%26sr%3D8-33-spons%26sp_csd%3Dd2lkZ2V0TmFtZT1zcF9tdGY%26psc%3D1,Writech Pastel Highlighters Assorted Colors: Soft Chisel Tip Bible Highlighter Marker Pens Pack Aesthetic Multi Colored Ink Extra Smooth No Bleed Smudge Smear for Highlighting Journaling Drawing 10ct,Sponsored,4.9 out of 5 stars,11,$12.74,"FREE delivery Fri, Nov 25 on $25 of items shipped by AmazonOr fastest delivery Tue, Nov 22|",B0B5R9X69N,https://m.media-amazon.com/images/I/61LbgEDOQiL._AC_UL320_.jpg
1904,https://www.amazon.com/sspa/click?ie=UTF8&spc=MTozNzU3NzQ5MTMxNDc3NjY3OjE2Njg4MDI3NTU6c3BfbXRmOjIwMDAxNzM4NzgwMDE1MTo6MDo6&url=%2FHighlighters-Shuttle-Art-Dry-Quickly-Highlighting%2Fdp%2FB07Y9NFXRC%2Fref%3Dsr_1_34_sspa%3Fcrid%3D2JDVFL1N2JDL2%26keywords%3Dhighlighter%26qid%3D1668802755%26sprefix%3Dhighlighter%252Caps%252C182%26sr%3D8-34-spons%26sp_csd%3Dd2lkZ2V0TmFtZT1zcF9tdGY%26psc%3D1,"Yellow Highlighters, Shuttle Art 30 Pack Highlighters Bright Colors, Chisel Tip Dry-Quickly Non-Toxic Highlighter markers for Adults Kids Highlighting in Home School Office",Sponsored,4.7 out of 5 stars,506,$11.99,"FREE delivery Fri, Nov 25 on $25 of items shipped by AmazonOr fastest delivery Sun, Nov 20|",B07Y9NFXRC,https://m.media-amazon.com/images/I/812kThYCXvS._AC_UL320_.jpg
1905,https://www.amazon.com/sspa/click?ie=UTF8&spc=MTozNzU3NzQ5MTMxNDc3NjY3OjE2Njg4MDI3NTU6c3BfbXRmOjIwMDEwNDczMjczNDM5ODo6MDo6&url=%2FHighlighter-Different-Card-decorating-Scrapbook-Highlighters%2Fdp%2FB0BLMKXN68%2Fref%3Dsr_1_35_sspa%3Fcrid%3D2JDVFL1N2JDL2%26keywords%3Dhighlighter%26qid%3D1668802755%26sprefix%3Dhighlighter%252Caps%252C182%26sr%3D8-35-spons%26sp_csd%3Dd2lkZ2V0TmFtZT1zcF9tdGY%26psc%3D1,"8 Pcs Curve Highlighter Pen Set, Dual Tip Pens with 6 Different Curve Shapes, for Card-decorating Coloring Books Writing Drawing Scrapbook, Highlighters Assorted Colors",Sponsored,,,$13.59,"FREE delivery Tue, Nov 29 on $25 of items shipped by AmazonOr fastest delivery Tue, Nov 22|",B0BLMKXN68,https://m.media-amazon.com/images/I/71ebtihYmjL._AC_UL320_.jpg
1906,https://www.amazon.com/sspa/click?ie=UTF8&spc=MTozNzU3NzQ5MTMxNDc3NjY3OjE2Njg4MDI3NTU6c3BfbXRmOjIwMDA4OTQ2MTQyNjk5ODo6MDo6&url=%2FYellow-highlighter-bright-chisel-Highlighting%2Fdp%2FB08H1VGD2B%2Fref%3Dsr_1_36_sspa%3Fcrid%3D2JDVFL1N2JDL2%26keywords%3Dhighlighter%26qid%3D1668802755%26sprefix%3Dhighlighter%252Caps%252C182%26sr%3D8-36-spons%26sp_csd%3Dd2lkZ2V0TmFtZT1zcF9tdGY%26psc%3D1,"Yellow highlighter, 60 Pack -bright color, chisel tip, for Adults Kids Highlighting in the Home School Office …",Sponsored,4.6 out of 5 stars,483,$16.99,"FREE delivery Fri, Nov 25 on $25 of items shipped by AmazonOr fastest delivery Sun, Nov 20|",B08H1VGD2B,https://m.media-amazon.com/images/I/6100XOrdqML._AC_UL320_.jpg
1907,https://www.amazon.com/Dabo-Shobo-Fluorescent-Beautiful-Combination/dp/B08H1XNJ4J/ref=sr_1_37?crid=2JDVFL1N2JDL2&keywords=highlighter&qid=1668802755&sprefix=highlighter%2Caps%2C182&sr=8-37,"Dabo & Shobo Highlighters Set of 24,Colored Markers And Beautiful Combination Set Liquid Ink Fast Drying And Not Easy To Fade Are Suitable For Classroom, Office And Shop Short Style",($0.42/Count),4.6 out of 5 stars,417,$9.99,"FREE delivery Fri, Nov 25 on $25 of items shipped by AmazonOr fastest delivery Sun, Nov 20|",B08H1XNJ4J,https://m.media-amazon.com/images/I/71R92z8iahL._AC_UL320_.jpg
1908,https://www.amazon.com/BIC-Highlighter-Adjustable-Bevelled-Markers/dp/B084371NZD/ref=sr_1_38?crid=2JDVFL1N2JDL2&keywords=highlighter&qid=1668802755&sprefix=highlighter%2Caps%2C182&sr=8-38,"BIC Highlighter Grip Pastel Adjustable Bevelled Tip Markers - Assorted Colors, Pack of 6",($0.98/Count),4.7 out of 5 stars,"5,371",$5.89,"FREE delivery Fri, Nov 25 on $25 of items shipped by AmazonOr fastest delivery Mon, Nov 21|",B084371NZD,https://m.media-amazon.com/images/I/81Wq7J8IfuL._AC_UL320_.jpg
1909,https://www.amazon.com/Sharpie-Liquid-Highlighters-Chisel-Assorted/dp/B0002LD14O/ref=sr_1_39?crid=2JDVFL1N2JDL2&keywords=highlighter&qid=1668802755&sprefix=highlighter%2Caps%2C182&sr=8-39,"Sharpie Liquid Highlighter, Chisel Tip Highlighters, Assorted Colors, 10 Count",($1.26/Count),4.8 out of 5 stars,"15,108",$12.55,"FREE delivery Fri, Nov 25 on $25 of items shipped by AmazonOr fastest delivery Tue, Nov 22|",B0002LD14O,https://m.media-amazon.com/images/I/81-707UFKPL._AC_UL320_.jpg
1910,https://www.amazon.com/Faber-Castell-Metallic-Highlighter-Set-Assortment/dp/B08V5BXPH8/ref=sr_1_40?crid=2JDVFL1N2JDL2&keywords=highlighter&qid=1668802755&sprefix=highlighter%2Caps%2C182&sr=8-40,Faber-Castell Metallic Highlighter Set - Assortment of 8 Subtle Glitter Highlighter Markers - Note Taking and Journaling Supplies,($1.13/Count),4.3 out of 5 stars,"4,213",$9.00,"FREE delivery Fri, Nov 25 on $25 of items shipped by AmazonOr fastest delivery Sun, Nov 20|",B08V5BXPH8,https://m.media-amazon.com/images/I/810SxlMzqqL._AC_UL320_.jpg
1911,https://www.amazon.com/Mr-Highlighters-Assorted-Highlighter-Journaling/dp/B08KXMMYSV/ref=sr_1_41?crid=2JDVFL1N2JDL2&keywords=highlighter&qid=1668802755&sprefix=highlighter%2Caps%2C182&sr=8-41,"Mr. Pen- Pastel Highlighters, 12 Pack, Assorted Colors, Fast Dry, Highlighter Pastel, Pastel Highlighter Set, Bible Journaling Highlighter, Pastel Marker, Colored Highlighters, Pastel School Supplies",($0.50/Count),4.5 out of 5 stars,"3,685",$5.95,"FREE delivery Fri, Nov 25 on $25 of items shipped by AmazonOr fastest delivery Sun, Nov 20|",B08KXMMYSV,https://m.media-amazon.com/images/I/81dYGf1FE9L._AC_UL320_.jpg
1912,https://www.amazon.com/BIC-Retractable-Highlighter-Chisel-12-Count/dp/B001OC6GB0/ref=sr_1_42?crid=2JDVFL1N2JDL2&keywords=highlighter&qid=1668802755&sprefix=highlighter%2Caps%2C182&sr=8-42,"BIC Brite Liner Retractable Highlighter, Chisel Tip (1.6mm), Yellow, For Broad Highlighting and Fine Underlining, 12-Count",($0.75/Count),4.6 out of 5 stars,874,$8.99,"FREE delivery Fri, Nov 25 on $25 of items shipped by AmazonOr fastest delivery Sun, Nov 20|",B001OC6GB0,https://m.media-amazon.com/images/I/71DXUEHtzbS._AC_UL320_.jpg
1913,https://www.amazon.com/Zebra-Pen-Mildliner-Highlighter-78605/dp/B09QJKJG8Q/ref=sr_1_43?crid=2JDVFL1N2JDL2&keywords=highlighter&qid=1668802755&sprefix=highlighter%2Caps%2C182&sr=8-43,"Zebra Pen Mildliner Double Ended Highlighter, Broad and Fine Point Tips, Assorted Neutral Vintage Ink Colors, 5-Pack, (78605)",($2.08/Count),4.9 out of 5 stars,"1,480",$10.39,"FREE delivery Fri, Nov 25 on $25 of items shipped by AmazonOr fastest delivery Sun, Nov 20|",B09QJKJG8Q,https://m.media-amazon.com/images/I/61VisyP8c1L._AC_UL320_.jpg
1914,https://www.amazon.com/BIC-Highlighter-Chisel-Orange-12-Count/dp/B0026T9U40/ref=sr_1_44?crid=2JDVFL1N2JDL2&keywords=highlighter&qid=1668802755&sprefix=highlighter%2Caps%2C182&sr=8-44,"BIC Brite Liner Highlighter, Chisel Tip",($0.39/Count),4.6 out of 5 stars,905,$4.70,"FREE delivery Fri, Nov 25 on $25 of items shipped by AmazonOr fastest delivery Sun, Nov 20|",B0026T9U40,https://m.media-amazon.com/images/I/71THeFZZmsS._AC_UL320_.jpg
1915,https://www.amazon.com/Aesthetic-Highlighters-Assorted-Journaling-Stationary/dp/B09YV5C1FT/ref=sr_1_45?crid=2JDVFL1N2JDL2&keywords=highlighter&qid=1668802755&sprefix=highlighter%2Caps%2C182&sr=8-45,"Aesthetic Cute Highlighters Assorted Colors, Bible Highlighters and Pens No Bleed, Mild Soft Chisel Tip Pastel Highlighters Marker Pens for Journaling Note Taking School Stationary Supplies (Sunny)",($1.17/Count),4.6 out of 5 stars,554,$6.99,"FREE delivery Fri, Nov 25 on $25 of items shipped by AmazonOr fastest delivery Sun, Nov 20|",B09YV5C1FT,https://m.media-amazon.com/images/I/61AaUMsAeUL._AC_UL320_.jpg
1916,https://www.amazon.com/AmazonBasics-Tank-Style-Highlighters-Assorted/dp/B087TZG2S8/ref=sr_1_46?crid=2JDVFL1N2JDL2&keywords=highlighter&qid=1668802755&sprefix=highlighter%2Caps%2C182&sr=8-46,"Amazon Basics Tank Style Highlighters - Chisel Tip, Assorted Colors, 12-Pack",($0.79/Count),4.8 out of 5 stars,"1,709",$9.43,"FREE delivery Fri, Nov 25 on $25 of items shipped by AmazonOr fastest delivery Mon, Nov 21|",B087TZG2S8,https://m.media-amazon.com/images/I/71Oy3MYBO9L._AC_UL320_.jpg
1917,https://www.amazon.com/Stabilo-BOSS-Original-Highlighter-Pastels/dp/B01LXOQ1KJ/ref=sr_1_47?crid=2JDVFL1N2JDL2&keywords=highlighter&qid=1668802755&sprefix=highlighter%2Caps%2C182&sr=8-47,"STABILO BOSS Original Highlighter, Pastels -6 Count (Pack of 1)",($1.61/Count),4.8 out of 5 stars,"91,812",$9.67,"FREE delivery Fri, Nov 25 on $25 of items shipped by AmazonOr fastest delivery Sun, Nov 20|",B01LXOQ1KJ,https://m.media-amazon.com/images/I/7129DlUHI2L._AC_UL320_.jpg
1918,https://www.amazon.com/Sharpie-Pocket-Highlighters-Pastel-Assorted/dp/B09Y2KJ2KX/ref=sr_1_48?crid=2JDVFL1N2JDL2&keywords=highlighter&qid=1668802755&sprefix=highlighter%2Caps%2C182&sr=8-48,"Sharpie Pocket Highlighters, Mild Pastel Colors, Assorted, Chisel Tip, 12 Count",($0.68/Count),4.3 out of 5 stars,7,$8.17,"FREE delivery Fri, Nov 25 on $25 of items shipped by AmazonOr fastest delivery Sun, Nov 20|",B09Y2KJ2KX,https://m.media-amazon.com/images/I/7171pB+OBAL._AC_UL320_.jpg
1919,https://www.amazon.com/Mr-Highlighters-Assorted-Highlighter-Supplies/dp/B07X8Z1RBG/ref=sr_1_49?crid=2JDVFL1N2JDL2&keywords=highlighter&qid=1668802755&sprefix=highlighter%2Caps%2C182&sr=8-49,"Mr. Pen Highlighters, Assorted Colors, Pack of 28",($0.32/Count),4.5 out of 5 stars,"1,947",$8.99,"FREE delivery Fri, Nov 25 on $25 of items shipped by AmazonOr fastest delivery Sun, Nov 20|",B07X8Z1RBG,https://m.media-amazon.com/images/I/919AjnP801L._AC_UL320_.jpg
1920,https://www.amazon.com/Crayola-Erasable-Highlighters-School-Supplies/dp/B07B958QGH/ref=sr_1_50?crid=2JDVFL1N2JDL2&keywords=highlighter&qid=1668802755&sprefix=highlighter%2Caps%2C182&sr=8-50,"Crayola Take Note Erasable Highlighters, Cool School Supplies, Chisel Tip Markers, 6 Count",($1.08/Count),4.7 out of 5 stars,"15,943",$6.49,"FREE delivery Fri, Nov 25 on $25 of items shipped by AmazonOr fastest delivery Sun, Nov 20|",B07B958QGH,https://m.media-amazon.com/images/I/81I43UhXw3L._AC_UL320_.jpg
1921,https://www.amazon.com/Highlighter-Rubber-Chisel-Assorted-BICBLMGP41ASST/dp/B000KIDQXU/ref=sr_1_51?crid=2JDVFL1N2JDL2&keywords=highlighter&qid=1668802755&sprefix=highlighter%2Caps%2C182&sr=8-51,"BIC Brite Liner Highlighter with Rubber Grip, Chisel Tip, Assorted, Pack of 4 - BLMGP41-A-AST",Save more with Subscribe & Save,4.7 out of 5 stars,"1,168",$2.99,"FREE delivery Fri, Nov 25 on $25 of items shipped by AmazonOr fastest delivery Sun, Nov 20|",B000KIDQXU,https://m.media-amazon.com/images/I/71JO4ZvQmjS._AC_UL320_.jpg
1922,https://www.amazon.com/YISAN-Highlighters-Markers-Assorted-Journaling/dp/B0972FJD3Y/ref=sr_1_52?crid=2JDVFL1N2JDL2&keywords=highlighter&qid=1668802755&sprefix=highlighter%2Caps%2C182&sr=8-52,"YISAN Highlighters Pastel Markers,Chisel Tip 6 Colors Pens,Journaling Students,Adults in Office,School,70054",($1.00/Count),4.7 out of 5 stars,614,$5.99,"FREE delivery Fri, Nov 25 on $25 of items shipped by AmazonOr fastest delivery Sun, Nov 20|",B0972FJD3Y,https://m.media-amazon.com/images/I/61d8i2eZcIL._AC_UL320_.jpg
1923,https://www.amazon.com/Yellow-highlighter-bright-Highlighting-Office-Short/dp/B08GQNY82D/ref=sr_1_53?crid=2JDVFL1N2JDL2&keywords=highlighter&qid=1668802755&sprefix=highlighter%2Caps%2C182&sr=8-53,"Yellow highlighter, 24 Pack -bright color, chisel tip, for Adults Kids Highlighting in the Home School Office-Short …",($0.42/Count),4.6 out of 5 stars,483,$9.99,"FREE delivery Fri, Nov 25 on $25 of items shipped by AmazonOr fastest delivery Sun, Nov 20|",B08GQNY82D,https://m.media-amazon.com/images/I/61iFYNJ-avL._AC_UL320_.jpg
1924,https://www.amazon.com/AmazonBasics-Chisel-Tip-Highlighters-Pack/dp/B01FV0FBX4/ref=sr_1_54?crid=2JDVFL1N2JDL2&keywords=highlighter&qid=1668802755&sprefix=highlighter%2Caps%2C182&sr=8-54,"Amazon Basics Chisel Tip, Fluorescent Ink Highlighters, Assorted Colors - Pack of 12",($0.56/Count),4.7 out of 5 stars,"24,203",$6.74,"FREE delivery Fri, Nov 25 on $25 of items shipped by AmazonOr fastest delivery Tue, Nov 22|",B01FV0FBX4,https://m.media-amazon.com/images/I/71XRuo0ty8L._AC_UL320_.jpg
1925,https://www.amazon.com/Sharpie-Tank-Style-Highlighters-Colored-25174PP/dp/B001MSD8C6/ref=sr_1_55?crid=2JDVFL1N2JDL2&keywords=highlighter&qid=1668802755&sprefix=highlighter%2Caps%2C182&sr=8-55,"Sharpie Accent Tank-Style Highlighters, 4 Colored Highlighters (25174PP)",,4.8 out of 5 stars,"2,670",,,B001MSD8C6,https://m.media-amazon.com/images/I/71Yj8MWKo5L._AC_UL320_.jpg
1926,https://www.amazon.com/ZEYAR-Highlighters-Colors-Aesthetic-Highlighter/dp/B09XL75QV4/ref=sr_1_56?crid=2JDVFL1N2JDL2&keywords=highlighter&qid=1668802755&sprefix=highlighter%2Caps%2C182&sr=8-56,"ZEYAR Cute Highlighters With Duals Tips, Cream Colors, Chisel Tip and Bullet tip, Aesthetic Highlighter Marker, No Bleed Dry Fast Easy to Hold(12 Cream Colors)",Save more with Subscribe & Save,4.6 out of 5 stars,447,$10.99,"FREE delivery Fri, Nov 25 on $25 of items shipped by AmazonOr fastest delivery Sun, Nov 20|",B09XL75QV4,https://m.media-amazon.com/images/I/61r5BZplMLL._AC_UL320_.jpg
1927,https://www.amazon.com/Sanford-1803277-Sharpie-Highlighter-Assorted/dp/B005DEW394/ref=sr_1_57?crid=2JDVFL1N2JDL2&keywords=highlighter&qid=1668802755&sprefix=highlighter%2Caps%2C182&sr=8-57,"Sharpie Gel Highlighters, Bullet Tip, Assorted Colors, 5 Count",($1.54/Count),4.7 out of 5 stars,"3,246",$7.69,"FREE delivery Fri, Nov 25 on $25 of items shipped by AmazonOr fastest delivery Sun, Nov 20|",B005DEW394,https://m.media-amazon.com/images/I/71u1VoENeeL._AC_UL320_.jpg
1928,https://www.amazon.com/Sharpie-Accent-Retractable-Highlighters-Fluorescent/dp/B0002LD1M6/ref=sr_1_58?crid=2JDVFL1N2JDL2&keywords=highlighter&qid=1668802755&sprefix=highlighter%2Caps%2C182&sr=8-58,"Sharpie Accent Retractable Highlighters, Chisel Tip, Fluorescent Yellow, Box of 12",($1.34/Count),4.8 out of 5 stars,"2,096",$16.12,"FREE delivery Fri, Nov 25 on $25 of items shipped by AmazonOr fastest delivery Sun, Nov 20|",B0002LD1M6,https://m.media-amazon.com/images/I/81n8wtJ-8eL._AC_UL320_.jpg
1929,https://www.amazon.com/sspa/click?ie=UTF8&spc=MTozNzU3NzQ5MTMxNDc3NjY3OjE2Njg4MDI3NTU6c3BfYnRmOjIwMDA1OTU2NjExNzIzMTo6MDo6&url=%2FAmazonBasics-Liquid-Ink-Highlighters-Assorted%2Fdp%2FB087TYCNS7%2Fref%3Dsr_1_59_sspa%3Fcrid%3D2JDVFL1N2JDL2%26keywords%3Dhighlighter%26qid%3D1668802755%26sprefix%3Dhighlighter%252Caps%252C182%26sr%3D8-59-spons%26sp_csd%3Dd2lkZ2V0TmFtZT1zcF9idGY%26psc%3D1,"Amazon Basics Liquid Ink Highlighters - Chisel Tip, Assorted Colors, 12-Pack",Featured from our brands,4.6 out of 5 stars,843,$3.45,"FREE delivery Fri, Nov 25 on $25 of items shipped by AmazonOr fastest delivery Sun, Nov 20|",B087TYCNS7,https://m.media-amazon.com/images/I/81b3oO5VCHL._AC_UL320_.jpg
1930,https://www.amazon.com/sspa/click?ie=UTF8&spc=MTozNzU3NzQ5MTMxNDc3NjY3OjE2Njg4MDI3NTU6c3BfYnRmOjIwMDAzOTU5NzIxNDMyMTo6MDo6&url=%2FLelix-Highlighters-Bright-Highlighting-Underlining%2Fdp%2FB08F9RN9F1%2Fref%3Dsr_1_60_sspa%3Fcrid%3D2JDVFL1N2JDL2%26keywords%3Dhighlighter%26qid%3D1668802755%26sprefix%3Dhighlighter%252Caps%252C182%26sr%3D8-60-spons%26sp_csd%3Dd2lkZ2V0TmFtZT1zcF9idGY%26psc%3D1,"Lelix 30 Pack Highlighters, 10 Bright Colors, Chisel Tip, Quick Drying for Back to School, Office, Home, ideal for Highlighting Underlining",Sponsored,4.6 out of 5 stars,381,$10.99,"FREE delivery Fri, Nov 25 on $25 of items shipped by AmazonOr fastest delivery Sun, Nov 20|",B08F9RN9F1,https://m.media-amazon.com/images/I/81e+modFABL._AC_UL320_.jpg
1938,https://www.amazon.com/sspa/click?ie=UTF8&spc=MTo4NDE4NjUyMzMwMDY0NDI6MTY2ODgwMjc3NDpzcF9hdGY6MjAwMDI3NDEyMTI1MDgxOjowOjo&url=%2FAnastasia-Beverly-Hills-DIPBROW-Ebony%2Fdp%2FB07RP8JSRD%2Fref%3Dsr_1_1_sspa%3Fcrid%3D1V4W0F0N7AXWG%26keywords%3Deyebrow%26qid%3D1668802774%26sprefix%3Deyebrow%2B%252Caps%252C193%26sr%3D8-1-spons%26sp_csd%3Dd2lkZ2V0TmFtZT1zcF9hdGY%26psc%3D1,Anastasia Beverly Hills - Mini DIPBROW Gel - Ebony,Sponsored,4.3 out of 5 stars,371,$9.00,"FREE delivery Fri, Nov 25 on $25 of items shipped by AmazonOr fastest delivery Tue, Nov 22|",B07RP8JSRD,https://m.media-amazon.com/images/I/51+EtxlLjfL._AC_UL320_.jpg
1939,https://www.amazon.com/sspa/click?ie=UTF8&spc=MTo4NDE4NjUyMzMwMDY0NDI6MTY2ODgwMjc3NDpzcF9hdGY6MjAwMDgwNTQ5MDY0MDcxOjowOjo&url=%2FBrow-Cream-Pigment-Mellie-Microblading%2Fdp%2FB093LRK8WM%2Fref%3Dsr_1_2_sspa%3Fcrid%3D1V4W0F0N7AXWG%26keywords%3Deyebrow%26qid%3D1668802774%26sprefix%3Deyebrow%2B%252Caps%252C193%26sr%3D8-2-spons%26sp_csd%3Dd2lkZ2V0TmFtZT1zcF9hdGY%26psc%3D1,M Brow Semi Cream Pigment By Mellie Microblading - For Eyebrows/Brows Manual & Machine Use - Medical Grade - No Mixing - For Professionals Only -15ml (SET OF 6),Sponsored,4.3 out of 5 stars,44,$99.00,"FREE delivery Fri, Nov 25 Or fastest delivery Sun, Nov 20||Small Business|Small Business|Small Business|<img alt="""" src=""https://m.media-amazon.com/images/I/111mHoVK0kL._SS200_.png"" height=""50px"" width=""50px""/>  Small Business|<img alt="""" src=""https://m.media-amazon.com/images/I/111mHoVK0kL._SS200_.png"" height=""50px"" width=""50px""/>  Small Business",B093LRK8WM,https://m.media-amazon.com/images/I/71zFGfWoE5S._AC_UL320_.jpg|https://m.media-amazon.com/images/I/111mHoVK0kL._SS200_.png|
1940,https://www.amazon.com/sspa/click?ie=UTF8&spc=MTo4NDE4NjUyMzMwMDY0NDI6MTY2ODgwMjc3NDpzcF9hdGY6MjAwMDg5NTI1NTEzMzcxOjowOjo&url=%2FEyebrow-Tattoo-Pen-Microblading-Effortlessly%2Fdp%2FB07PBPCCT1%2Fref%3Dsr_1_3_sspa%3Fcrid%3D1V4W0F0N7AXWG%26keywords%3Deyebrow%26qid%3D1668802774%26sprefix%3Deyebrow%2B%252Caps%252C193%26sr%3D8-3-spons%26sp_csd%3Dd2lkZ2V0TmFtZT1zcF9hdGY%26psc%3D1%26smid%3DA1J7HQ0YP4U0Y7,"iMethod Eyebrow Pen - iMethod Eye Brown Makeup, Eyebrow Pencil with a Micro-Fork Tip Applicator Creates Natural Looking Brows Effortlessly and Stays on All Day, Light Brown",Sponsored,3.5 out of 5 stars,"33,211",$13.97,"FREE delivery Fri, Nov 25 on $25 of items shipped by AmazonOr fastest delivery Mon, Nov 21|",B07PBPCCT1,https://m.media-amazon.com/images/I/61m2Bnx+EtL._AC_UL320_.jpg
1941,https://www.amazon.com/sspa/click?ie=UTF8&spc=MTo4NDE4NjUyMzMwMDY0NDI6MTY2ODgwMjc3NDpzcF9hdGY6MjAwMTA0ODExNDU1Mjk4OjowOjo&url=%2FShaping-Waterproof-Eyebrow-Eyebrows-Hairline%2Fdp%2FB09N3FRLQ9%2Fref%3Dsr_1_4_sspa%3Fcrid%3D1V4W0F0N7AXWG%26keywords%3Deyebrow%26qid%3D1668802774%26sprefix%3Deyebrow%2B%252Caps%252C193%26sr%3D8-4-spons%26sp_csd%3Dd2lkZ2V0TmFtZT1zcF9hdGY%26psc%3D1,Eyebrow Stamp Stencil Kit Dark Brown Brow Stamp And Shaping Kit Brow Stamp Kit Waterproof Eyebrow Brow Stamp Kit (Natural Brown),Sponsored,3.8 out of 5 stars,316,$12.98,"FREE delivery Fri, Nov 25 on $25 of items shipped by AmazonOr fastest delivery Sun, Nov 20|",B09N3FRLQ9,https://m.media-amazon.com/images/I/71tSFn5BCcL._AC_UL320_.jpg
1942,https://www.amazon.com/Maybelline-Temptation-Eyebrow-Definer-Pencil/dp/B074VGYK4X/ref=sr_1_5?crid=1V4W0F0N7AXWG&keywords=eyebrow&qid=1668802774&sprefix=eyebrow+%2Caps%2C193&sr=8-5,"Maybelline Total Temptation Eyebrow Definer Pencil, Medium Brown, 1 Count",1 Count (Pack of 1),4.5 out of 5 stars,"96,375",$7.99,"FREE delivery Fri, Nov 25 on $25 of items shipped by AmazonOr fastest delivery Sun, Nov 20|",B074VGYK4X,https://m.media-amazon.com/images/I/71s-Fyb5J3L._AC_UL320_.jpg
1943,https://www.amazon.com/NYX-PROFESSIONAL-MAKEUP-Mascara-Brunette/dp/B00P1HO2BU/ref=sr_1_6?crid=1V4W0F0N7AXWG&keywords=eyebrow&qid=1668802774&sprefix=eyebrow+%2Caps%2C193&sr=8-6,"NYX PROFESSIONAL MAKEUP Tinted Eyebrow Mascara, Brunette",0.22 Fl Oz (Pack of 1),4.4 out of 5 stars,"25,413",$6.99,"FREE delivery Fri, Nov 25 on $25 of items shipped by AmazonOr fastest delivery Sun, Nov 20|",B00P1HO2BU,https://m.media-amazon.com/images/I/51D01AgcocL._AC_UL320_.jpg
1944,https://www.amazon.com/wet-wild-Ultimate-Brow-Retractable/dp/B078KB7L4G/ref=sr_1_7?crid=1V4W0F0N7AXWG&keywords=eyebrow&qid=1668802774&sprefix=eyebrow+%2Caps%2C193&sr=8-7,"Wet n Wild Ultimate Eyebrow Retractable Definer Pencil, Medium Brown, Dual-Sided Brow Brush, Fine Tip, Shapes, Defines, Fills Brow Makeup",1 Count (Pack of 1),4.5 out of 5 stars,"5,890",$3.19,"FREE delivery Fri, Nov 25 on $25 of items shipped by AmazonOr fastest delivery Sun, Nov 20|",B078KB7L4G,https://m.media-amazon.com/images/I/71Z6khL9EPL._AC_UL320_.jpg
1945,https://www.amazon.com/Wismee-Waterproof-Lasting-Eyeliner-Eyelashes/dp/B08Y5SNZG7/ref=sxin_15?content-id=amzn1.sym.d7223ab3-d7ba-402d-901f-6bf4c3c8698f%3Aamzn1.sym.d7223ab3-d7ba-402d-901f-6bf4c3c8698f&crid=1V4W0F0N7AXWG&cv_ct_cx=eyebrow&keywords=eyebrow&pd_rd_i=B08Y5SNZG7&pd_rd_r=a309a8fe-39e0-42f7-ad2f-adb4d1288063&pd_rd_w=8YPMC&pd_rd_wg=5OFaS&pf_rd_p=d7223ab3-d7ba-402d-901f-6bf4c3c8698f&pf_rd_r=0642XMNMRBHP6PRZFP1G&qid=1668802774&sprefix=eyebrow+%2Caps%2C193&sr=1-1-fe296e3f-866b-4d03-ac2f-5b8cc03edba3,"Wismee Eye Makeup Kit 4 Pcs Waterproof Long Lasting Eye Kit with Mascara, Eyebrow pencil, Lquid Eyeliner & A Pair of Fake Eyelashes",($1.75/Count),5.0 out of 5 stars|5.0 out of 5 stars|5.0 out of 5 stars|4.7 out of 5 stars|4.7 out of 5 stars|4.6 out of 5 stars,"2|1|2|2,180|2,180|913",$6.99,,,https://m.media-amazon.com/images/I/71SSjO3jmuL._AC_UL320_.jpg|https://m.media-amazon.com/images/I/61R-TyfaycL._AC_UL320_.jpg|https://m.media-amazon.com/images/I/61GI-0nXzrL._AC_UL320_.jpg|https://m.media-amazon.com/images/I/81vixGLZUxL._AC_UL320_.jpg|https://m.media-amazon.com/images/I/81dQjzNRVBL._AC_UL320_.jpg|https://m.media-amazon.com/images/I/71X-yctHBnL._AC_UL320_.jpg
1946,https://www.amazon.com/Wismee-Waterproof-Lasting-Eyeliner-Eyelashes/dp/B08Y5SNZG7/ref=sxin_15?content-id=amzn1.sym.d7223ab3-d7ba-402d-901f-6bf4c3c8698f%3Aamzn1.sym.d7223ab3-d7ba-402d-901f-6bf4c3c8698f&crid=1V4W0F0N7AXWG&cv_ct_cx=eyebrow&keywords=eyebrow&pd_rd_i=B08Y5SNZG7&pd_rd_r=a309a8fe-39e0-42f7-ad2f-adb4d1288063&pd_rd_w=8YPMC&pd_rd_wg=5OFaS&pf_rd_p=d7223ab3-d7ba-402d-901f-6bf4c3c8698f&pf_rd_r=0642XMNMRBHP6PRZFP1G&qid=1668802774&sprefix=eyebrow+%2Caps%2C193&sr=1-1-fe296e3f-866b-4d03-ac2f-5b8cc03edba3,"Wismee Eye Makeup Kit 4 Pcs Waterproof Long Lasting Eye Kit with Mascara, Eyebrow pencil, Lquid Eyeliner & A Pair of Fake Eyelashes",($1.75/Count),5.0 out of 5 stars,2,$6.99,,B08Y5SNZG7,https://m.media-amazon.com/images/I/71SSjO3jmuL._AC_UL320_.jpg
1947,https://www.amazon.com/Eyebrow-Stamp-Stencil-Kit-Long-lasting/dp/B0BDFCNKV3/ref=sxin_15?content-id=amzn1.sym.d7223ab3-d7ba-402d-901f-6bf4c3c8698f%3Aamzn1.sym.d7223ab3-d7ba-402d-901f-6bf4c3c8698f&crid=1V4W0F0N7AXWG&cv_ct_cx=eyebrow&keywords=eyebrow&pd_rd_i=B0BDFCNKV3&pd_rd_r=a309a8fe-39e0-42f7-ad2f-adb4d1288063&pd_rd_w=8YPMC&pd_rd_wg=5OFaS&pf_rd_p=d7223ab3-d7ba-402d-901f-6bf4c3c8698f&pf_rd_r=0642XMNMRBHP6PRZFP1G&qid=1668802774&sprefix=eyebrow+%2Caps%2C193&sr=1-2-fe296e3f-866b-4d03-ac2f-5b8cc03edba3,"Eyebrow Stamp, Eyebrow Stencil Kit - Eye Brow Stamping Kit, Brow Stamp with 10 - Shaping Kit for Perfect Brow, Long-lasting, Waterproof Eyebrow Pomade. (Light Brown Full Kit)…",0.21 Ounce (Pack of 1),5.0 out of 5 stars,1,$18.98,,B0BDFCNKV3,https://m.media-amazon.com/images/I/61R-TyfaycL._AC_UL320_.jpg
1948,https://www.amazon.com/Ortmorr-Eyebrow-Waterproof-Trimmers-Outlining/dp/B09XHZ3N2W/ref=sxin_15?content-id=amzn1.sym.d7223ab3-d7ba-402d-901f-6bf4c3c8698f%3Aamzn1.sym.d7223ab3-d7ba-402d-901f-6bf4c3c8698f&crid=1V4W0F0N7AXWG&cv_ct_cx=eyebrow&keywords=eyebrow&pd_rd_i=B09XHZ3N2W&pd_rd_r=a309a8fe-39e0-42f7-ad2f-adb4d1288063&pd_rd_w=8YPMC&pd_rd_wg=5OFaS&pf_rd_p=d7223ab3-d7ba-402d-901f-6bf4c3c8698f&pf_rd_r=0642XMNMRBHP6PRZFP1G&qid=1668802774&sprefix=eyebrow+%2Caps%2C193&sr=1-3-fe296e3f-866b-4d03-ac2f-5b8cc03edba3,"Ortmorr Dual Ended 2 in 1 Eyebrow Pencil Waterproof Eyebrow Makeup With Eyebrow Hair Trimmers Set for Marking, Filling and Outlining (4# Dark Brown)",($6.99/Count),5.0 out of 5 stars,2,$6.99,,B09XHZ3N2W,https://m.media-amazon.com/images/I/61GI-0nXzrL._AC_UL320_.jpg
1949,https://www.amazon.com/Eyebrow-Stamp-Stencil-Kit-Long-Lasting/dp/B0B2Z3DT1T/ref=sxin_15?content-id=amzn1.sym.d7223ab3-d7ba-402d-901f-6bf4c3c8698f%3Aamzn1.sym.d7223ab3-d7ba-402d-901f-6bf4c3c8698f&crid=1V4W0F0N7AXWG&cv_ct_cx=eyebrow&keywords=eyebrow&pd_rd_i=B0B2Z3DT1T&pd_rd_r=a309a8fe-39e0-42f7-ad2f-adb4d1288063&pd_rd_w=8YPMC&pd_rd_wg=5OFaS&pf_rd_p=d7223ab3-d7ba-402d-901f-6bf4c3c8698f&pf_rd_r=0642XMNMRBHP6PRZFP1G&qid=1668802774&sprefix=eyebrow+%2Caps%2C193&sr=1-4-fe296e3f-866b-4d03-ac2f-5b8cc03edba3,"Eyebrow Stamp Stencil Kit - One Step Brow Stamp Shaping Kit Long-Lasting Waterproof, 3 in 1 Hairline Shadow Powder with 24 Reusable Eyebrow Stencils Hair Root Bronzer Light Brown",($10.13/Ounce),4.7 out of 5 stars,"2,180",$14.99,,B0B2Z3DT1T,https://m.media-amazon.com/images/I/81vixGLZUxL._AC_UL320_.jpg
1950,https://www.amazon.com/OETUIOW-Eyebrow-Stamp-Stencil-Kit/dp/B0B2ZM9CCJ/ref=sxin_15?content-id=amzn1.sym.d7223ab3-d7ba-402d-901f-6bf4c3c8698f%3Aamzn1.sym.d7223ab3-d7ba-402d-901f-6bf4c3c8698f&crid=1V4W0F0N7AXWG&cv_ct_cx=eyebrow&keywords=eyebrow&pd_rd_i=B0B2ZM9CCJ&pd_rd_r=a309a8fe-39e0-42f7-ad2f-adb4d1288063&pd_rd_w=8YPMC&pd_rd_wg=5OFaS&pf_rd_p=d7223ab3-d7ba-402d-901f-6bf4c3c8698f&pf_rd_r=0642XMNMRBHP6PRZFP1G&qid=1668802774&sprefix=eyebrow+%2Caps%2C193&sr=1-5-fe296e3f-866b-4d03-ac2f-5b8cc03edba3,"OETUIOW Eyebrow Stamp Stencil Kit - One Step Brow Stamp Shaping Kit Long-Lasting Waterproof, Eyebrow Makeup Perfect Brow Shape with 24 Reusable Eyebrow Stencils Dark Brown",($10.12/Ounce),4.7 out of 5 stars,"2,180",$14.98,,B0B2ZM9CCJ,https://m.media-amazon.com/images/I/81dQjzNRVBL._AC_UL320_.jpg
1951,https://www.amazon.com/Instant-Eyebrow-Natural-Permanent-Professional/dp/B0BHN3LS7J/ref=sxin_15?content-id=amzn1.sym.d7223ab3-d7ba-402d-901f-6bf4c3c8698f%3Aamzn1.sym.d7223ab3-d7ba-402d-901f-6bf4c3c8698f&crid=1V4W0F0N7AXWG&cv_ct_cx=eyebrow&keywords=eyebrow&pd_rd_i=B0BHN3LS7J&pd_rd_r=a309a8fe-39e0-42f7-ad2f-adb4d1288063&pd_rd_w=8YPMC&pd_rd_wg=5OFaS&pf_rd_p=d7223ab3-d7ba-402d-901f-6bf4c3c8698f&pf_rd_r=0642XMNMRBHP6PRZFP1G&qid=1668802774&sprefix=eyebrow+%2Caps%2C193&sr=1-6-fe296e3f-866b-4d03-ac2f-5b8cc03edba3,"Instant Eyebrow Tint, Natural Semi Permanent Eyebrow Tinting Kit Safe & Professional Eyebrow Dye for Salon and Home Use Lasting for 4-6 Weeks (Maroon), 30 Piece Set",1 Ounce (Pack of 1),4.6 out of 5 stars,913,$17.38,,B0BHN3LS7J,https://m.media-amazon.com/images/I/71X-yctHBnL._AC_UL320_.jpg
1952,https://www.amazon.com/NYX-PROFESSIONAL-MAKEUP-Pencil-Eyebrow/dp/B00WZRQNAC/ref=sxin_16_slmt_fabric_query_aware_gg_beauty?content-id=amzn1.sym.455f48f6-6089-4c39-8af1-4593b3766b3c%3Aamzn1.sym.455f48f6-6089-4c39-8af1-4593b3766b3c&crid=1V4W0F0N7AXWG&cv_ct_cx=eyebrow&keywords=eyebrow&pd_rd_i=B00WZRQNAC&pd_rd_r=a309a8fe-39e0-42f7-ad2f-adb4d1288063&pd_rd_w=AXDEe&pd_rd_wg=5OFaS&pf_rd_p=455f48f6-6089-4c39-8af1-4593b3766b3c&pf_rd_r=0642XMNMRBHP6PRZFP1G&qid=1668802774&sprefix=eyebrow+%2Caps%2C193&sr=1-1-0d6ca3d5-bd83-4d8e-b232-aa08677b2d9c,"NYX PROFESSIONAL MAKEUP Micro Brow Pencil, Eyebrow Pencil - Ash Brown",1 Count (Pack of 1),4.6 out of 5 stars|4.6 out of 5 stars|4.5 out of 5 stars|4.6 out of 5 stars|4.6 out of 5 stars|4.4 out of 5 stars|4.4 out of 5 stars|4.8 out of 5 stars,"49,266|6,259|3,845|30,632|72,409|26,063|19,526|550",$9.19,,,https://m.media-amazon.com/images/I/51zm8f4OMVL._AC_UL320_.jpg|https://m.media-amazon.com/images/I/81yqc88khES._AC_UL320_.jpg|https://m.media-amazon.com/images/I/51A6tG7qPhL._AC_UL320_.jpg|https://m.media-amazon.com/images/I/61SWjLCijsL._AC_UL320_.jpg|https://m.media-amazon.com/images/I/61cOJnUa3oL._AC_UL320_.jpg|https://m.media-amazon.com/images/I/819FqiMlAnL._AC_UL320_.jpg|https://m.media-amazon.com/images/I/61mk3qiekpS._AC_UL320_.jpg|https://m.media-amazon.com/images/I/81IgreZzIZL._AC_UL320_.jpg
1953,https://www.amazon.com/NYX-PROFESSIONAL-MAKEUP-Pencil-Eyebrow/dp/B00WZRQNAC/ref=sxin_16_slmt_fabric_query_aware_gg_beauty?content-id=amzn1.sym.455f48f6-6089-4c39-8af1-4593b3766b3c%3Aamzn1.sym.455f48f6-6089-4c39-8af1-4593b3766b3c&crid=1V4W0F0N7AXWG&cv_ct_cx=eyebrow&keywords=eyebrow&pd_rd_i=B00WZRQNAC&pd_rd_r=a309a8fe-39e0-42f7-ad2f-adb4d1288063&pd_rd_w=AXDEe&pd_rd_wg=5OFaS&pf_rd_p=455f48f6-6089-4c39-8af1-4593b3766b3c&pf_rd_r=0642XMNMRBHP6PRZFP1G&qid=1668802774&sprefix=eyebrow+%2Caps%2C193&sr=1-1-0d6ca3d5-bd83-4d8e-b232-aa08677b2d9c,"NYX PROFESSIONAL MAKEUP Micro Brow Pencil, Eyebrow Pencil - Ash Brown",1 Count (Pack of 1),4.6 out of 5 stars,"49,266",$9.19,,B00WZRQNAC,https://m.media-amazon.com/images/I/51zm8f4OMVL._AC_UL320_.jpg
1954,https://www.amazon.com/Naked2-Basics-Eyeshadow-Palette-Neutral/dp/B07LBLK57Q/ref=sxin_16_slmt_fabric_query_aware_gg_beauty?content-id=amzn1.sym.455f48f6-6089-4c39-8af1-4593b3766b3c%3Aamzn1.sym.455f48f6-6089-4c39-8af1-4593b3766b3c&crid=1V4W0F0N7AXWG&cv_ct_cx=eyebrow&keywords=eyebrow&pd_rd_i=B07LBLK57Q&pd_rd_r=a309a8fe-39e0-42f7-ad2f-adb4d1288063&pd_rd_w=AXDEe&pd_rd_wg=5OFaS&pf_rd_p=455f48f6-6089-4c39-8af1-4593b3766b3c&pf_rd_r=0642XMNMRBHP6PRZFP1G&qid=1668802774&sprefix=eyebrow+%2Caps%2C193&sr=1-2-0d6ca3d5-bd83-4d8e-b232-aa08677b2d9c,"Urban Decay Naked2 Basics Eyeshadow Palette, 6 Taupe & Brown Matte Neutral Shades - Ultra-Blendable, Rich Colors with Velvety Texture - Makeup Set Includes Mirror & Full-Size Pans - Great for Travel",1 Count (Pack of 1),4.6 out of 5 stars,"6,259",$29.00,,B07LBLK57Q,https://m.media-amazon.com/images/I/81yqc88khES._AC_UL320_.jpg
1955,https://www.amazon.com/NYX-PROFESSIONAL-MAKEUP-Snatch-Brown/dp/B08MRKPT9H/ref=sxin_16_slmt_fabric_query_aware_gg_beauty?content-id=amzn1.sym.455f48f6-6089-4c39-8af1-4593b3766b3c%3Aamzn1.sym.455f48f6-6089-4c39-8af1-4593b3766b3c&crid=1V4W0F0N7AXWG&cv_ct_cx=eyebrow&keywords=eyebrow&pd_rd_i=B08MRKPT9H&pd_rd_r=a309a8fe-39e0-42f7-ad2f-adb4d1288063&pd_rd_w=AXDEe&pd_rd_wg=5OFaS&pf_rd_p=455f48f6-6089-4c39-8af1-4593b3766b3c&pf_rd_r=0642XMNMRBHP6PRZFP1G&qid=1668802774&sprefix=eyebrow+%2Caps%2C193&sr=1-3-0d6ca3d5-bd83-4d8e-b232-aa08677b2d9c,"NYX PROFESSIONAL MAKEUP Lift & Snatch Eyebrow Tint Pen, Ash Brown",0.03 Fl Oz (Pack of 1),4.5 out of 5 stars,"3,845",$9.32,,B08MRKPT9H,https://m.media-amazon.com/images/I/51A6tG7qPhL._AC_UL320_.jpg
1956,https://www.amazon.com/NYX-PROFESSIONAL-MAKEUP-Ultimate-Eyeshadow/dp/B01IW02HX2/ref=sxin_16_slmt_fabric_query_aware_gg_beauty?content-id=amzn1.sym.455f48f6-6089-4c39-8af1-4593b3766b3c%3Aamzn1.sym.455f48f6-6089-4c39-8af1-4593b3766b3c&crid=1V4W0F0N7AXWG&cv_ct_cx=eyebrow&keywords=eyebrow&pd_rd_i=B01IW02HX2&pd_rd_r=a309a8fe-39e0-42f7-ad2f-adb4d1288063&pd_rd_w=AXDEe&pd_rd_wg=5OFaS&pf_rd_p=455f48f6-6089-4c39-8af1-4593b3766b3c&pf_rd_r=0642XMNMRBHP6PRZFP1G&qid=1668802774&sprefix=eyebrow+%2Caps%2C193&sr=1-4-0d6ca3d5-bd83-4d8e-b232-aa08677b2d9c,"NYX PROFESSIONAL MAKEUP Ultimate Shadow Palette, Eyeshadow Palette - Warm Neutrals",1 Count (Pack of 1),4.6 out of 5 stars,"30,632",$12.56,,B01IW02HX2,https://m.media-amazon.com/images/I/61SWjLCijsL._AC_UL320_.jpg
1957,https://www.amazon.com/NYX-PROFESSIONAL-MAKEUP-Waterproof-Eyeliner/dp/B07Y1W5XYD/ref=sxin_16_slmt_fabric_query_aware_gg_beauty?content-id=amzn1.sym.455f48f6-6089-4c39-8af1-4593b3766b3c%3Aamzn1.sym.455f48f6-6089-4c39-8af1-4593b3766b3c&crid=1V4W0F0N7AXWG&cv_ct_cx=eyebrow&keywords=eyebrow&pd_rd_i=B07Y1W5XYD&pd_rd_r=a309a8fe-39e0-42f7-ad2f-adb4d1288063&pd_rd_w=AXDEe&pd_rd_wg=5OFaS&pf_rd_p=455f48f6-6089-4c39-8af1-4593b3766b3c&pf_rd_r=0642XMNMRBHP6PRZFP1G&qid=1668802774&sprefix=eyebrow+%2Caps%2C193&sr=1-5-0d6ca3d5-bd83-4d8e-b232-aa08677b2d9c,"NYX PROFESSIONAL MAKEUP Epic Ink Liner, Waterproof Liquid Eyeliner - Black (Pack Of 2), Vegan Formula",$15.05 with Subscribe & Save discount,4.6 out of 5 stars,"72,409",$15.84,,B07Y1W5XYD,https://m.media-amazon.com/images/I/61cOJnUa3oL._AC_UL320_.jpg
1958,https://www.amazon.com/Maybelline-New-York-Blushed-Nudes/dp/B00UKP1M2K/ref=sxin_16_slmt_fabric_query_aware_gg_beauty?content-id=amzn1.sym.455f48f6-6089-4c39-8af1-4593b3766b3c%3Aamzn1.sym.455f48f6-6089-4c39-8af1-4593b3766b3c&crid=1V4W0F0N7AXWG&cv_ct_cx=eyebrow&keywords=eyebrow&pd_rd_i=B00UKP1M2K&pd_rd_r=a309a8fe-39e0-42f7-ad2f-adb4d1288063&pd_rd_w=AXDEe&pd_rd_wg=5OFaS&pf_rd_p=455f48f6-6089-4c39-8af1-4593b3766b3c&pf_rd_r=0642XMNMRBHP6PRZFP1G&qid=1668802774&sprefix=eyebrow+%2Caps%2C193&sr=1-6-0d6ca3d5-bd83-4d8e-b232-aa08677b2d9c,Maybelline The Blushed Nudes Eyeshadow Makeup Palette,1 Count (Pack of 1),4.4 out of 5 stars,"26,063",$10.98,,B00UKP1M2K,https://m.media-amazon.com/images/I/819FqiMlAnL._AC_UL320_.jpg
1959,https://www.amazon.com/ColorStay-Waterproof-Smudgeproof-Longwearing-Ultra-Fine/dp/B01J1A3ST4/ref=sxin_16_slmt_fabric_query_aware_gg_beauty?content-id=amzn1.sym.455f48f6-6089-4c39-8af1-4593b3766b3c%3Aamzn1.sym.455f48f6-6089-4c39-8af1-4593b3766b3c&crid=1V4W0F0N7AXWG&cv_ct_cx=eyebrow&keywords=eyebrow&pd_rd_i=B01J1A3ST4&pd_rd_r=a309a8fe-39e0-42f7-ad2f-adb4d1288063&pd_rd_w=AXDEe&pd_rd_wg=5OFaS&pf_rd_p=455f48f6-6089-4c39-8af1-4593b3766b3c&pf_rd_r=0642XMNMRBHP6PRZFP1G&qid=1668802774&sprefix=eyebrow+%2Caps%2C193&sr=1-7-0d6ca3d5-bd83-4d8e-b232-aa08677b2d9c,"Liquid Eyeliner by Revlon, ColorStay Eye Makeup, Waterproof, Smudgeproof, Longwearing with Ultra-Fine Tip, 251 Blackest Black, 0.08 Fl Oz (Pack of 2)",0.08 Fl Oz (Pack of 2),4.4 out of 5 stars,"19,526",$12.79,,B01J1A3ST4,https://m.media-amazon.com/images/I/61mk3qiekpS._AC_UL320_.jpg
1960,https://www.amazon.com/Urban-Moondust-Eyeshadow-Compact-Cowboy/dp/B092JT62XB/ref=sxin_16_slmt_fabric_query_aware_gg_beauty?content-id=amzn1.sym.455f48f6-6089-4c39-8af1-4593b3766b3c%3Aamzn1.sym.455f48f6-6089-4c39-8af1-4593b3766b3c&crid=1V4W0F0N7AXWG&cv_ct_cx=eyebrow&keywords=eyebrow&pd_rd_i=B092JT62XB&pd_rd_r=a309a8fe-39e0-42f7-ad2f-adb4d1288063&pd_rd_w=AXDEe&pd_rd_wg=5OFaS&pf_rd_p=455f48f6-6089-4c39-8af1-4593b3766b3c&pf_rd_r=0642XMNMRBHP6PRZFP1G&qid=1668802774&sprefix=eyebrow+%2Caps%2C193&sr=1-8-0d6ca3d5-bd83-4d8e-b232-aa08677b2d9c,Urban Decay 24/7 Moondust Eyeshadow Compact - Long-Lasting Shimmery Eye Makeup and Highlight - Up to 16 Hour Wear - Vegan Formula – Space Cowboy (Champagne Gold Silver Sparkle),1 Count (Pack of 1),4.8 out of 5 stars,550,$22.00,,B092JT62XB,https://m.media-amazon.com/images/I/81IgreZzIZL._AC_UL320_.jpg
1962,https://www.amazon.com/NYX-PROFESSIONAL-MAKEUP-Snatch-Brown/dp/B08MRKPT9H/ref=sr_1_8?crid=1V4W0F0N7AXWG&keywords=eyebrow&qid=1668802774&sprefix=eyebrow+%2Caps%2C193&sr=8-8,"NYX PROFESSIONAL MAKEUP Lift & Snatch Eyebrow Tint Pen, Ash Brown",0.03 Fl Oz (Pack of 1),4.5 out of 5 stars,"3,845",$9.32,"FREE delivery Fri, Nov 25 on $25 of items shipped by AmazonOr fastest delivery Sun, Nov 20|",B08MRKPT9H,https://m.media-amazon.com/images/I/51A6tG7qPhL._AC_UL320_.jpg
1963,https://www.amazon.com/Anastasia-Beverly-Hills-DIPBROW-Pomade/dp/B06Y2YCDBS/ref=sr_1_9?crid=1V4W0F0N7AXWG&keywords=eyebrow&qid=1668802774&sprefix=eyebrow+%2Caps%2C193&sr=8-9,Anastasia Beverly Hills - DIPBROW Pomade,1 Count (Pack of 1),4.7 out of 5 stars,"5,796",$21.00,"FREE delivery Fri, Nov 25 on $25 of items shipped by AmazonOr fastest delivery Sun, Nov 20|",B06Y2YCDBS,https://m.media-amazon.com/images/I/51bg2jalHtL._AC_UL320_.jpg
1964,https://www.amazon.com/Eyebrow-Stencil-Reusable-Stencils-Shaping/dp/B09XKZ7SFQ/ref=sr_1_10?crid=1V4W0F0N7AXWG&keywords=eyebrow&qid=1668802774&sprefix=eyebrow+%2Caps%2C193&sr=8-10,"Eyebrow Stamp Stencil Kit, Eyebrow Stamp Pomade with 24 Reusable Thin & Thick Brow Stencils, Eyebrow Stencils Shaping Kit Definer (Soft Brown)",($17.96/Count),4.3 out of 5 stars,"3,560",$17.96,"FREE delivery Fri, Nov 25 on $25 of items shipped by AmazonOr fastest delivery Mon, Nov 21||Small Business|Small Business|Small Business|<img alt="""" src=""https://m.media-amazon.com/images/I/111mHoVK0kL._SS200_.png"" height=""50px"" width=""50px""/>  Small Business|<img alt="""" src=""https://m.media-amazon.com/images/I/111mHoVK0kL._SS200_.png"" height=""50px"" width=""50px""/>  Small Business",B09XKZ7SFQ,https://m.media-amazon.com/images/I/61lON5Kib5L._AC_UL320_.jpg|https://m.media-amazon.com/images/I/111mHoVK0kL._SS200_.png|
1965,https://www.amazon.com/NYX-PROFESSIONAL-MAKEUP-Control-Eyebrow/dp/B00INCDKDQ/ref=sr_1_11?crid=1V4W0F0N7AXWG&keywords=eyebrow&qid=1668802774&sprefix=eyebrow+%2Caps%2C193&sr=8-11,NYX PROFESSIONAL MAKEUP Control Freak Eyebrow Gel - Clear,0.3 Ounce (Pack of 1),4.3 out of 5 stars,"33,921",$5.99,"FREE delivery Fri, Nov 25 on $25 of items shipped by AmazonOr fastest delivery Sun, Nov 20|",B00INCDKDQ,https://m.media-amazon.com/images/I/61A86Lb7wuL._AC_UL320_.jpg
1966,https://www.amazon.com/wild-Ultimate-Brow-Dark-Brown/dp/B082YQ4QXJ/ref=sr_1_12?crid=1V4W0F0N7AXWG&keywords=eyebrow&qid=1668802774&sprefix=eyebrow+%2Caps%2C193&sr=8-12,"Wet N Wild Ultimate Eyebrow Makeup Kit, Eyebrow Powder Dark Brown, Brow Hair Removal Tweezers, Wax, Brush",1 Count (Pack of 1),4.5 out of 5 stars,"2,519",$4.23,"FREE delivery Fri, Nov 25 on $25 of items shipped by AmazonOr fastest delivery Sun, Nov 20|",B082YQ4QXJ,https://m.media-amazon.com/images/I/81CXsckRkrL._AC_UL320_.jpg
1967,https://www.amazon.com/NYX-PROFESSIONAL-MAKEUP-Eyebrow-Espresso/dp/B00WZQTCS8/ref=sr_1_13?crid=1V4W0F0N7AXWG&keywords=eyebrow&qid=1668802774&sprefix=eyebrow+%2Caps%2C193&sr=8-13,"NYX PROFESSIONAL MAKEUP Micro Brow Pencil, Eyebrow Pencil - Espresso",1 Count (Pack of 1),4.6 out of 5 stars,"49,266",$9.23,"FREE delivery Fri, Nov 25 on $25 of items shipped by AmazonOr fastest delivery Sun, Nov 20|",B00WZQTCS8,https://m.media-amazon.com/images/I/51Qz+Qy9ciL._AC_UL320_.jpg
1968,https://www.amazon.com/Honest-Beauty-Buildable-Blendable-Dermatologist/dp/B08331RXM5/ref=sxin_24_cpf_saw-CPFPecos-dsk-lmlk-asin?content-id=amzn1.sym.0f1b45b9-2ef3-449d-8dec-0cc7749915dc%3Aamzn1.sym.0f1b45b9-2ef3-449d-8dec-0cc7749915dc&crid=1V4W0F0N7AXWG&cv_ct_cx=eyebrow&keywords=eyebrow&pd_rd_i=B08331RXM5&pd_rd_r=a309a8fe-39e0-42f7-ad2f-adb4d1288063&pd_rd_w=zrMc0&pd_rd_wg=5OFaS&pf_rd_p=0f1b45b9-2ef3-449d-8dec-0cc7749915dc&pf_rd_r=0642XMNMRBHP6PRZFP1G&qid=1668802774&rdc=1&sprefix=eyebrow+%2Caps%2C193&sr=1-1-88bb4e7b-fb79-43dc-9dec-6da196f88672,"Honest Beauty Eyebrow Pencil, Warm Blonde with Jojoba Seed Oil | Buildable & Blendable | EWG Certified + Dermatologist & Ophthalmologist Tested & Cruelty Free | .039 oz.","Shop products with sustainability certifications, as part of our commitment to help preserve the natural world. Time is fleeting.",4.4 out of 5 stars|4.3 out of 5 stars|4.3 out of 5 stars|3.8 out of 5 stars,"1,442|374|341|298",$8.99,"Climate Pledge Friendly|Climate Pledge Friendly|Climate Pledge Friendly|<img alt="""" src=""https://m.media-amazon.com/images/I/216-OX9rBaL._SS200_.png"" height=""50px"" width=""50px""/>  Climate Pledge Friendly|<img alt="""" src=""https://m.media-amazon.com/images/I/216-OX9rBaL._SS200_.png"" height=""50px"" width=""50px""/>  Climate Pledge Friendly|<img alt="""" src=""https://m.media-amazon.com/images/I/31OPjlesFNL._SS200_.png"" height=""50px"" width=""50px""/> EWG Verified|Climate Pledge Friendly  Small Business|Climate Pledge Friendly|Climate Pledge Friendly|Small Business|Small Business|<img alt="""" src=""https://m.media-amazon.com/images/I/216-OX9rBaL._SS200_.png"" height=""50px"" width=""50px""/>  Climate Pledge Friendly|<img alt="""" src=""https://m.media-amazon.com/images/I/216-OX9rBaL._SS200_.png"" height=""50px"" width=""50px""/>  Climate Pledge Friendly|<img alt="""" src=""https://m.media-amazon.com/images/I/41Y2L-DZWfL._SS200_.png"" height=""50px"" width=""50px""/> Compact by Design (Certified by Amazon)|<img alt="""" src=""https://m.media-amazon.com/images/I/111mHoVK0kL._SS200_.png"" height=""50px"" width=""50px""/>  Small Business|<img alt="""" src=""https://m.media-amazon.com/images/I/111mHoVK0kL._SS200_.png"" height=""50px"" width=""50px""/>  Small Business|Climate Pledge Friendly|Climate Pledge Friendly|Climate Pledge Friendly|<img alt="""" src=""https://m.media-amazon.com/images/I/216-OX9rBaL._SS200_.png"" height=""50px"" width=""50px""/>  Climate Pledge Friendly|<img alt="""" src=""https://m.media-amazon.com/images/I/216-OX9rBaL._SS200_.png"" height=""50px"" width=""50px""/>  Climate Pledge Friendly|<img alt="""" src=""https://m.media-amazon.com/images/I/31OPjlesFNL._SS200_.png"" height=""50px"" width=""50px""/> EWG Verified|Climate Pledge Friendly|Climate Pledge Friendly|Climate Pledge Friendly|<img alt="""" src=""https://m.media-amazon.com/images/I/216-OX9rBaL._SS200_.png"" height=""50px"" width=""50px""/>  Climate Pledge Friendly|<img alt="""" src=""https://m.media-amazon.com/images/I/216-OX9rBaL._SS200_.png"" height=""50px"" width=""50px""/>  Climate Pledge Friendly|<img alt="""" src=""https://m.media-amazon.com/images/I/31OPjlesFNL._SS200_.png"" height=""50px"" width=""50px""/> EWG Verified",,https://m.media-amazon.com/images/I/51OaFav2N+L._AC_UL320_.jpg|https://m.media-amazon.com/images/I/216-OX9rBaL._SS200_.png|||https://m.media-amazon.com/images/I/81DNCzloy7L._AC_UL320_.jpg|https://m.media-amazon.com/images/I/216-OX9rBaL._SS200_.png|https://m.media-amazon.com/images/I/111mHoVK0kL._SS200_.png||||https://m.media-amazon.com/images/I/41uN3CHRpjL._AC_UL320_.jpg|https://m.media-amazon.com/images/I/216-OX9rBaL._SS200_.png|||https://m.media-amazon.com/images/I/41fqtaYIXsS._AC_UL320_.jpg|https://m.media-amazon.com/images/I/216-OX9rBaL._SS200_.png||
1971,https://www.amazon.com/Eyebrow-Tattoo-Pen-Microblading-Effortlessly/dp/B07DMNTK2M/ref=sr_1_14?crid=1V4W0F0N7AXWG&keywords=eyebrow&qid=1668802774&sprefix=eyebrow+%2Caps%2C193&sr=8-14,"iMethod Eyebrow Pen - iMethod Eye Brown Makeup, Eyebrow Pencil with a Micro-Fork Tip Applicator Creates Natural Looking Brows Effortlessly and Stays on All Day, Dark Brown",1 Count (Pack of 1),3.5 out of 5 stars,"33,211",$13.97,"FREE delivery Fri, Nov 25 on $25 of items shipped by AmazonOr fastest delivery Sun, Nov 20|",B07DMNTK2M,https://m.media-amazon.com/images/I/41CBZjzlPQL._AC_UL320_.jpg
1972,https://www.amazon.com/Eyebrow-Pencil-Microblading-Pen-Long-Lasting/dp/B0B63KMHCR/ref=sr_1_15?crid=1V4W0F0N7AXWG&keywords=eyebrow&qid=1668802774&sprefix=eyebrow+%2Caps%2C193&sr=8-15,Eyebrow Pencil Eyebrow Microblading Pen - Eye Makeup Eyebrow Pen Micro 4 Point Brow Pen Lift & Snatch Eyebrow Microblading Pen Long-Lasting Waterproof Natural Eyebrow Hair (Dark Brown),1 Count (Pack of 1),4.5 out of 5 stars,"2,941",$14.97,FREE delivery on $25 shipped by Amazon.,B0B63KMHCR,https://m.media-amazon.com/images/I/71wsYfo4IeL._AC_UL320_.jpg
1973,https://www.amazon.com/Maybelline-New-York-Tattoostudio-Buildable/dp/B07GXCR74G/ref=sr_1_16?crid=1V4W0F0N7AXWG&keywords=eyebrow&qid=1668802774&sprefix=eyebrow+%2Caps%2C193&sr=8-16,"Maybelline TattooStudio Brow Pomade Long Lasting, Buildable, Eyebrow Makeup, Medium Brown, 1 Count",$8.92 with Subscribe & Save discountSave 5% on 4 select item(s),4.5 out of 5 stars,"12,451",$9.39,"FREE delivery Fri, Nov 25 on $25 of items shipped by AmazonOr fastest delivery Sun, Nov 20|",B07GXCR74G,https://m.media-amazon.com/images/I/51dn2i8QktL._AC_UL320_.jpg
1974,https://www.amazon.com/sspa/click?ie=UTF8&spc=MTo4NDE4NjUyMzMwMDY0NDI6MTY2ODgwMjc3NDpzcF9tdGY6MjAwMDg1NDM2OTg3OTk4OjowOjo&url=%2FBrows-Bossy-Temporary-Waterproof-Stickers%2Fdp%2FB08Q3RG7NR%2Fref%3Dsr_1_17_sspa%3Fcrid%3D1V4W0F0N7AXWG%26keywords%3Deyebrow%26qid%3D1668802774%26sprefix%3Deyebrow%2B%252Caps%252C193%26sr%3D8-17-spons%26sp_csd%3Dd2lkZ2V0TmFtZT1zcF9tdGY%26psc%3D1,"Brows by Bossy Studio & Co Temporary Eyebrow Tattoos Waterproof Eyebrow Stickers, False Tattoos Hair Like Peel Off Instant Transfer Brows For Women And Men",Sponsored,3.3 out of 5 stars,"4,353",$11.99,"FREE delivery Nov 23 - 29|Small Business|Small Business|Small Business|<img alt="""" src=""https://m.media-amazon.com/images/I/111mHoVK0kL._SS200_.png"" height=""50px"" width=""50px""/>  Small Business|<img alt="""" src=""https://m.media-amazon.com/images/I/111mHoVK0kL._SS200_.png"" height=""50px"" width=""50px""/>  Small Business",B08Q3RG7NR,https://m.media-amazon.com/images/I/81qEVAZIluL._AC_UL320_.jpg|https://m.media-amazon.com/images/I/111mHoVK0kL._SS200_.png|
1975,https://www.amazon.com/sspa/click?ie=UTF8&spc=MTo4NDE4NjUyMzMwMDY0NDI6MTY2ODgwMjc3NDpzcF9tdGY6MjAwMDE0MjM3ODg1MjgxOjowOjo&url=%2FAnastasia-Beverly-Hills-Brow-Brown%2Fdp%2FB00IVKL4BA%2Fref%3Dsr_1_18_sspa%3Fcrid%3D1V4W0F0N7AXWG%26keywords%3Deyebrow%26qid%3D1668802774%26sprefix%3Deyebrow%2B%252Caps%252C193%26sr%3D8-18-spons%26sp_csd%3Dd2lkZ2V0TmFtZT1zcF9tdGY%26psc%3D1,Anastasia Beverly Hills - Brow Wiz,Sponsored,4.7 out of 5 stars,"20,397",$25.00,"FREE delivery Fri, Nov 25 Or fastest delivery Sun, Nov 20|",B00IVKL4BA,https://m.media-amazon.com/images/I/41cE8OxldjL._AC_UL320_.jpg
1976,https://www.amazon.com/sspa/click?ie=UTF8&spc=MTo4NDE4NjUyMzMwMDY0NDI6MTY2ODgwMjc3NDpzcF9tdGY6MjAwMDI2NTAzMTIyMTExOjowOjo&url=%2FBoobeen-Eyebrow-Tattoo-Pen-Microblading%2Fdp%2FB08MDXMW4H%2Fref%3Dsr_1_19_sspa%3Fcrid%3D1V4W0F0N7AXWG%26keywords%3Deyebrow%26qid%3D1668802774%26sprefix%3Deyebrow%2B%252Caps%252C193%26sr%3D8-19-spons%26sp_csd%3Dd2lkZ2V0TmFtZT1zcF9tdGY%26psc%3D1,Boobeen Waterproof Eyebrow Tattoo Pen - Microblading Eyebrow Pencil with a Micro-Fork Tip Applicator - Creates Natural Looking Brows Effortless,Sponsored,3.7 out of 5 stars,"5,044",$9.99,"FREE delivery Fri, Nov 25 on $25 of items shipped by AmazonOr fastest delivery Mon, Nov 21|",B08MDXMW4H,https://m.media-amazon.com/images/I/61oi9uv3AcL._AC_UL320_.jpg
1977,https://www.amazon.com/sspa/click?ie=UTF8&spc=MTo4NDE4NjUyMzMwMDY0NDI6MTY2ODgwMjc3NDpzcF9tdGY6MjAwMDg4MjE2OTg0MDk4OjowOjo&url=%2FDrawing-Lasting-Eyebrow-Textured-Natural%2Fdp%2FB097DD1WCM%2Fref%3Dsr_1_20_sspa%3Fcrid%3D1V4W0F0N7AXWG%26keywords%3Deyebrow%26qid%3D1668802774%26sprefix%3Deyebrow%2B%252Caps%252C193%26sr%3D8-20-spons%26sp_csd%3Dd2lkZ2V0TmFtZT1zcF9tdGY%26psc%3D1,ETUDE Drawing Eye Brow 0.25g #1 Dark Brown 21AD | Long-Lasting Eyebrow Pencil for Soft Textured Natural Daily Look Eyebrow Makeup | K-beauty,Sponsored,4.3 out of 5 stars,"12,759",$6.80,"FREE delivery Fri, Nov 25 on $25 of items shipped by AmazonOr fastest delivery Sun, Nov 20|",B097DD1WCM,https://m.media-amazon.com/images/I/51sy0-CwQXL._AC_UL320_.jpg
1978,https://www.amazon.com/Paris-Stylist-Definer-Waterproof-Brunette/dp/B01643FI0I/ref=sr_1_21?crid=1V4W0F0N7AXWG&keywords=eyebrow&qid=1668802774&sprefix=eyebrow+%2Caps%2C193&sr=8-21,"L'Oreal Paris Makeup Brow Stylist Definer Waterproof Eyebrow Pencil, Ultra-Fine Mechanical Pencil, Draws Tiny Brow Hairs and Fills in Sparse Areas and Gaps, Dark Brunette, 0.003 Ounce (Pack of 1)",1 Count (Pack of 1),4.5 out of 5 stars,"42,363",$8.47,"FREE delivery Fri, Nov 25 on $25 of items shipped by AmazonOr fastest delivery Sun, Nov 20|",B01643FI0I,https://m.media-amazon.com/images/I/51itK2AkCJL._AC_UL320_.jpg
1979,https://www.amazon.com/NYX-PROFESSIONAL-MAKEUP-Instant-Styler/dp/B08M58SWB1/ref=sr_1_22?crid=1V4W0F0N7AXWG&keywords=eyebrow&qid=1668802774&sprefix=eyebrow+%2Caps%2C193&sr=8-22,"NYX PROFESSIONAL MAKEUP The Brow Glue, Extreme Hold Eyebrow Gel - Clear",0.17 Fl Oz (Pack of 1),4.3 out of 5 stars,"13,913",$7.33,"FREE delivery Fri, Nov 25 on $25 of items shipped by AmazonOr fastest delivery Sun, Nov 20|",B08M58SWB1,https://m.media-amazon.com/images/I/71dXKKZevrL._AC_UL320_.jpg
1980,https://www.amazon.com/HeyBeauty-Eyebrow-Pencil-Waterproof-Professional/dp/B07JM9LGN8/ref=sr_1_23?crid=1V4W0F0N7AXWG&keywords=eyebrow&qid=1668802774&sprefix=eyebrow+%2Caps%2C193&sr=8-23,"[ 2 Pack]Eyebrow Pencil, Waterproof Eyebrow Makeup with Dual Ends, Professional Brow Enhancing Kit with Eyebrow Brush (Dark Brown #1)",3 Piece Set,4.4 out of 5 stars,"8,098",$9.99,"FREE delivery Fri, Nov 25 on $25 of items shipped by AmazonOr fastest delivery Sun, Nov 20|",B07JM9LGN8,https://m.media-amazon.com/images/I/61t-sDKaffL._AC_UL320_.jpg
1981,https://www.amazon.com/Instant-Dual-Sided-Precise-Defines-Contours/dp/B00WAJAKOU/ref=sr_1_24?crid=1V4W0F0N7AXWG&keywords=eyebrow&qid=1668802774&sprefix=eyebrow+%2Caps%2C193&sr=8-24,"e.l.f, Instant Lift Brow Pencil, Dual-Sided, Precise, Fine Tip, Shapes, Defines, Fills Brows, Contours, Combs, Tames, Neutral Brown, 0.006 Oz",1 Count (Pack of 1),4.6 out of 5 stars,"24,169",$2.98,"FREE delivery Wed, Nov 30 on $25 of items shipped by AmazonOr fastest delivery Fri, Nov 25|",B00WAJAKOU,https://m.media-amazon.com/images/I/41zVhusfjdL._AC_UL320_.jpg
1982,https://www.amazon.com/Eyebrows-Stencils-Applicator-Waterproof-Dual-ended/dp/B0BC8S7CGM/ref=sr_1_25?crid=1V4W0F0N7AXWG&keywords=eyebrow&qid=1668802774&sprefix=eyebrow+%2Caps%2C193&sr=8-25,"Eyebrow Stamp Stencil Kit for Perfect Bushy Eyebrows,10 Eyebrow Stencils,Brow Stamp Trio Kit with Sponge Applicator,Waterproof Eyebrow Pomade,Dual-ended Eyebrow Brush - Dark Brown",($9.99/Count),4.1 out of 5 stars,159,$9.99,"FREE delivery Fri, Nov 25 on $25 of items shipped by AmazonOr fastest delivery Sun, Nov 20|",B0BC8S7CGM,https://m.media-amazon.com/images/I/71OdU9lVlxL._AC_UL320_.jpg
1983,https://www.amazon.com/Eyebrow-Stencil-Waterproof-Stamping-Applicator/dp/B0B98264XK/ref=sr_1_26?crid=1V4W0F0N7AXWG&keywords=eyebrow&qid=1668802774&sprefix=eyebrow+%2Caps%2C193&sr=8-26,"Eyebrow Stamp and Eyebrow Stencil Kit- 16in1 Waterproof Brow Cream Stamping Eyebrow Gel Shaping Set, Eyebrow Pomade Stamp Trio Kit, Eyebrow Stamp Stencil Applicator Kit for Brow Makeup- Ebony",($9.99/Count),4.5 out of 5 stars,9,$9.99,"FREE delivery Fri, Nov 25 on $25 of items shipped by AmazonOr fastest delivery Sun, Nov 20|",B0B98264XK,https://m.media-amazon.com/images/I/719mbgNnMnL._AC_UL320_.jpg
1984,https://www.amazon.com/Eyebrow-Stamp-Stencil-Kit-Professional/dp/B09B3QQ7VK/ref=sr_1_27?crid=1V4W0F0N7AXWG&keywords=eyebrow&qid=1668802774&sprefix=eyebrow+%2Caps%2C193&sr=8-27,"Eyebrow Stamp Stencil Kit - Adjustable Professional Waterproof Long Lasting Buildable Eyebrow Powder Stamp Makeup Tools with 10 Styles Reusable Eyebrow Stencils, 2 Eyebrow Pen Brushes (Dark Brown)",13 Piece Set,3.4 out of 5 stars,717,$6.99,"FREE delivery Fri, Nov 25 on $25 of items shipped by AmazonOr fastest delivery Sun, Nov 20|",B09B3QQ7VK,https://m.media-amazon.com/images/I/71pBiIT5zDL._AC_UL320_.jpg
1985,https://www.amazon.com/Drawing-Lasting-Eyebrow-Textured-Natural/dp/B097DC59G7/ref=sr_1_28?crid=1V4W0F0N7AXWG&keywords=eyebrow&qid=1668802774&sprefix=eyebrow+%2Caps%2C193&sr=8-28,ETUDE Drawing Eye Brow #2 Gray Brown 21AD | Long-Lasting Eyebrow Pencil for Soft Textured Natural Daily Look Eyebrow Makeup | K-beauty,1 Count (Pack of 1),4.3 out of 5 stars,"12,759",$6.80,"FREE delivery Fri, Nov 25 on $25 of items shipped by AmazonOr fastest delivery Sun, Nov 20|",B097DC59G7,https://m.media-amazon.com/images/I/51cfRyu7u-L._AC_UL320_.jpg
1986,https://www.amazon.com/ColorStay-Longwear-Dual-Ended-Eyebrow-Spoolie/dp/B0759GFGFR/ref=sr_1_29?crid=1V4W0F0N7AXWG&keywords=eyebrow&qid=1668802774&sprefix=eyebrow+%2Caps%2C193&sr=8-29,"Eyebrow Kit by Revlon, ColorStay Brow Kit Eye Makeup with Longwearing Brow Powder, Pomade, Spoolie & Angled Brush Tip, 102 Dark Brown, 0.08 Oz",0.08 Ounce (Pack of 1),4.5 out of 5 stars,"3,756",$7.96,"FREE delivery Fri, Nov 25 on $25 of items shipped by AmazonOr fastest delivery Sun, Nov 20|",B0759GFGFR,https://m.media-amazon.com/images/I/51rV4BWCeLL._AC_UL320_.jpg
1987,https://www.amazon.com/Eyebrow-Waterproof-Professional-Ultra-Fine-Mechanical/dp/B09MQN7YSF/ref=sr_1_30?crid=1V4W0F0N7AXWG&keywords=eyebrow&qid=1668802774&sprefix=eyebrow+%2Caps%2C193&sr=8-30,"Eyebrow Pencil,3 PCS Waterproof Professional Makeup Micro Brow Pencil,Brow Kit with Eyebrow Brush and Razor,Ultra-Fine Mechanical Pencil",3 Piece Set,4.5 out of 5 stars,214,$6.99,"FREE delivery Fri, Nov 25 on $25 of items shipped by AmazonOr fastest delivery Sun, Nov 20|",B09MQN7YSF,https://m.media-amazon.com/images/I/81hKV6HX2ML._AC_UL320_.jpg
1988,https://www.amazon.com/Wet-Wild-Ultimate-Eyebrow-Pencil/dp/B07QHG4452/ref=sr_1_31?crid=1V4W0F0N7AXWG&keywords=eyebrow&qid=1668802774&sprefix=eyebrow+%2Caps%2C193&sr=8-31,"Wet n Wild Ultimate Brow Micro Eyebrow Retractable Pencil, Dark Brown, Ultra Fine 1.5mm Tip, Draws Tiny Brow Hairs",0.2 Ounce (Pack of 1),4.4 out of 5 stars,"1,211",$3.18,"FREE delivery Fri, Nov 25 on $25 of items shipped by AmazonOr fastest delivery Sun, Nov 20|",B07QHG4452,https://m.media-amazon.com/images/I/61ufwl7+Z3L._AC_UL320_.jpg
1989,https://www.amazon.com/WUNDER2-Wunderbrow-Waterproof-Brunette-Cruelty-Free/dp/B00UYY2GSQ/ref=sr_1_32?crid=1V4W0F0N7AXWG&keywords=eyebrow&qid=1668802774&sprefix=eyebrow+%2Caps%2C193&sr=8-32,"WUNDER2 Wunderbrow Waterproof Eyebrow Gel, Brunette, Vegan and Cruelty-Free",0.1 Ounce (Pack of 1),4.1 out of 5 stars,"33,186",$19.42,"FREE delivery Fri, Nov 25 on $25 of items shipped by AmazonOr fastest delivery Sun, Nov 20|",B00UYY2GSQ,https://m.media-amazon.com/images/I/61JZOSMBNuL._AC_UL320_.jpg
1990,https://www.amazon.com/sspa/click?ie=UTF8&spc=MTo4NDE4NjUyMzMwMDY0NDI6MTY2ODgwMjc3NDpzcF9tdGY6MjAwMDkwOTkyNTg3MTk4OjowOjo&url=%2FEyebrow-Razors-Trimmer-Shaper-Precision%2Fdp%2FB09Y11KFJT%2Fref%3Dsr_1_33_sspa%3Fcrid%3D1V4W0F0N7AXWG%26keywords%3Deyebrow%26qid%3D1668802774%26sprefix%3Deyebrow%2B%252Caps%252C193%26sr%3D8-33-spons%26sp_csd%3Dd2lkZ2V0TmFtZT1zcF9tdGY%26psc%3D1,"Eyebrow Razor, Face Razors for Women&Men, Eyebrow Trimmer Shaper with Precision Cover,Facial Shaver with 6 Blades (Rose Gold)",Sponsored,4.9 out of 5 stars,28,$13.99,"FREE delivery Fri, Nov 25 on $25 of items shipped by AmazonOr fastest delivery Sun, Nov 20|",B09Y11KFJT,https://m.media-amazon.com/images/I/71az8QqwbuL._AC_UL320_.jpg
1991,https://www.amazon.com/sspa/click?ie=UTF8&spc=MTo4NDE4NjUyMzMwMDY0NDI6MTY2ODgwMjc3NDpzcF9tdGY6MjAwMDk0NzU4NjYzMzcxOjowOjo&url=%2FiMethod-Eyebrow-Pen-Waterproof-Smudge-proof%2Fdp%2FB09B9YDMCV%2Fref%3Dsr_1_34_sspa%3Fcrid%3D1V4W0F0N7AXWG%26keywords%3Deyebrow%26qid%3D1668802774%26sprefix%3Deyebrow%2B%252Caps%252C193%26sr%3D8-34-spons%26sp_csd%3Dd2lkZ2V0TmFtZT1zcF9tdGY%26psc%3D1%26smid%3DA1J7HQ0YP4U0Y7,"iMethod Eyebrow Pen - Upgrade Eyebrow TattooPen, Eyebrow Makeup, Long Lasting, Waterproof and Smudge-proof, Black Brown",Sponsored,3.5 out of 5 stars,"7,832",$13.97,"FREE delivery Fri, Nov 25 on $25 of items shipped by AmazonOr fastest delivery Sun, Nov 20|",B09B9YDMCV,https://m.media-amazon.com/images/I/61ORhSG8WQL._AC_UL320_.jpg
1992,https://www.amazon.com/sspa/click?ie=UTF8&spc=MTo4NDE4NjUyMzMwMDY0NDI6MTY2ODgwMjc3NDpzcF9tdGY6MjAwMDU1NjQzNTczNDk4OjowOjo&url=%2FLunana-Beauty-Waterproof-Micro-Fork-Chestnut%2Fdp%2FB09SWC2QWS%2Fref%3Dsr_1_35_sspa%3Fcrid%3D1V4W0F0N7AXWG%26keywords%3Deyebrow%26qid%3D1668802774%26sprefix%3Deyebrow%2B%252Caps%252C193%26sr%3D8-35-spons%26sp_csd%3Dd2lkZ2V0TmFtZT1zcF9tdGY%26psc%3D1,"Lunana Beauty 4 Point Eyebrow Pen, Micro Ink Brow Pen Waterproof Eyebrow Pencil with Micro-Fork Tips for Daily Natural Eye Brown Makeup (1# Chestnut)",Sponsored,3.8 out of 5 stars,"2,786",$7.99,"FREE delivery Fri, Nov 25 on $25 of items shipped by AmazonOr fastest delivery Sun, Nov 20|",B09SWC2QWS,https://m.media-amazon.com/images/I/61zkhd4RliL._AC_UL320_.jpg
1993,https://www.amazon.com/sspa/click?ie=UTF8&spc=MTo4NDE4NjUyMzMwMDY0NDI6MTY2ODgwMjc3NDpzcF9tdGY6MjAwMTAyOTA3MDE5MTk4OjowOjo&url=%2FEyebrow-Stencil-Setting-Stencils-Waterproof%2Fdp%2FB0BKGYR2YN%2Fref%3Dsr_1_36_sspa%3Fcrid%3D1V4W0F0N7AXWG%26keywords%3Deyebrow%26qid%3D1668802774%26sprefix%3Deyebrow%2B%252Caps%252C193%26sr%3D8-36-spons%26sp_csd%3Dd2lkZ2V0TmFtZT1zcF9tdGY%26psc%3D1,"Eyebrow Stamp Stencil Kit 2 Colors One Step Brow Makeup Set with 1 Clear Eyebrow Setting Gel, 24 Eyebrow Stencils, 1 Brush and 1 Razor, Easy Color, Waterproof and Long Lasting (Medium Brown & Brown)",Sponsored,,,$9.99,"FREE delivery Fri, Nov 25 on $25 of items shipped by AmazonOr fastest delivery Sun, Nov 20|",B0BKGYR2YN,https://m.media-amazon.com/images/I/71KdE7MVeEL._AC_UL320_.jpg
1994,https://www.amazon.com/Cilrofelr-Permanent-Waterproof-Transfer-proof-Looking-Brows/dp/B0B9X71M81/ref=sr_1_37?crid=1V4W0F0N7AXWG&keywords=eyebrow&qid=1668802774&sprefix=eyebrow+%2Caps%2C193&sr=8-37,"Cilrofelr Tattoo Peel Off Eyebrow Gel Tint, Semi Permanent Tattoo Brow Peel Off Tint Gel, Last Up to 3 Days, Waterproof, Transfer-proof, For Fuller & Defined Looking Brows, Brown (2 Pack)",0.1 Fl Oz (Pack of 2),4.2 out of 5 stars,56,$13.99,"FREE delivery Fri, Nov 25 on $25 of items shipped by AmazonOr fastest delivery Sun, Nov 20|",B0B9X71M81,https://m.media-amazon.com/images/I/71aNg1R-+vL._AC_UL320_.jpg
1995,https://www.amazon.com/iMethod-Eyebrow-Pen-Waterproof-Smudge-proof/dp/B08HK7NY9M/ref=sr_1_38?crid=1V4W0F0N7AXWG&keywords=eyebrow&qid=1668802774&sprefix=eyebrow+%2Caps%2C193&sr=8-38,"iMethod Eyebrow Pen - Upgrade Eyebrow TattooPen, Eyebrow Makeup, Long Lasting, Waterproof and Smudge-proof, Dark Brown",1 Count (Pack of 1),3.5 out of 5 stars,"7,832",$13.97,"FREE delivery Fri, Nov 25 on $25 of items shipped by AmazonOr fastest delivery Sun, Nov 20|",B08HK7NY9M,https://m.media-amazon.com/images/I/71BrKu7TwoL._AC_UL320_.jpg
1996,https://www.amazon.com/RevitaLash-Cosmetics-MAIN-956487-RevitaBrow-Conditioner/dp/B01MS0AB5N/ref=sr_1_39?crid=1V4W0F0N7AXWG&keywords=eyebrow&qid=1668802774&sprefix=eyebrow+%2Caps%2C193&sr=8-39,"RevitaLash Cosmetics, RevitaBrow Advanced Eyebrow Conditioner Serum, Physician Developed & Cruelty Free",0.05 Fl Oz (Pack of 1),4.3 out of 5 stars,"3,910",$58.00,"FREE delivery Fri, Nov 25 Or fastest delivery Sun, Nov 20|",B01MS0AB5N,https://m.media-amazon.com/images/I/41insmF4d8L._AC_UL320_.jpg
1997,https://www.amazon.com/Waterproof-Eyeliner-Applicator-Hair-Like-Precision/dp/B0BDFCKDZ1/ref=sr_1_40?crid=1V4W0F0N7AXWG&keywords=eyebrow&qid=1668802774&sprefix=eyebrow+%2Caps%2C193&sr=8-40,"2 in 1 Waterproof Eyebrow Pencil, Tattoo Eyebrow Pencil, Liquid Eyebrow Pencil with Eyeliner, Micro Fork Tip Applicator, Natural Hair-Like Makeup Precision Eyebrow Pencil, All Day Wear (03# DARK BROWN)",($3.99/Count),2.3 out of 5 stars,3,$3.99,"FREE delivery Fri, Nov 25 on $25 of items shipped by AmazonOr fastest delivery Sun, Nov 20|",B0BDFCKDZ1,https://m.media-amazon.com/images/I/51Ls0Avy5QL._AC_UL320_.jpg
1998,https://www.amazon.com/Eyebrow-Stencil-Tweezer-Included-Waterproof/dp/B09LTTTBC5/ref=sr_1_41?crid=1V4W0F0N7AXWG&keywords=eyebrow&qid=1668802774&sprefix=eyebrow+%2Caps%2C193&sr=8-41,"GOODLY by ELAN Gold Eyebrow Stamp Stencil Kit w/ Bonus Eyebrow Tweezer Included | Perfect for One Step Eyebrow Shaping | Waterproof and Long Lasting Finish, Medium Brown",$2.00 coupon applied at checkoutSave $2.00  with coupon,3.4 out of 5 stars,214,$14.97,"FREE delivery Fri, Nov 25 on $25 of items shipped by AmazonOr fastest delivery Sun, Nov 20|",B09LTTTBC5,https://m.media-amazon.com/images/I/61uZRVM59zL._AC_UL320_.jpg
1999,https://www.amazon.com/Eyebrow-Stencil-Stencils-Definer-Reusable/dp/B09H9GRYKF/ref=sr_1_42?crid=1V4W0F0N7AXWG&keywords=eyebrow&qid=1668802774&sprefix=eyebrow+%2Caps%2C193&sr=8-42,"Eyebrow Stamp Stencil Kit, Eyebrow Stencils with 24 Pc, Eyebrow Brown Definer, Brow Stencils and Shaping Kit Reusable (Dark Brown)",25 Piece Set,3.8 out of 5 stars,"4,489",$15.96,"FREE delivery Fri, Nov 25 on $25 of items shipped by AmazonOr fastest delivery Sun, Nov 20||Small Business|Small Business|Small Business|<img alt="""" src=""https://m.media-amazon.com/images/I/111mHoVK0kL._SS200_.png"" height=""50px"" width=""50px""/>  Small Business|<img alt="""" src=""https://m.media-amazon.com/images/I/111mHoVK0kL._SS200_.png"" height=""50px"" width=""50px""/>  Small Business",B09H9GRYKF,https://m.media-amazon.com/images/I/61+1dD1NWkL._AC_UL320_.jpg|https://m.media-amazon.com/images/I/111mHoVK0kL._SS200_.png|
2000,https://www.amazon.com/wet-wild-Ultimate-Universal-Stencil/dp/B019XFVXN0/ref=sr_1_43?crid=1V4W0F0N7AXWG&keywords=eyebrow&qid=1668802774&sprefix=eyebrow+%2Caps%2C193&sr=8-43,"Wet n Wild Ultimate Eyebrow Universal Stencil Kit, 5 Brow Color Makeup Set, Spoolie For Brushing and Blending, Hair Removal Tweezers, Sponge Brush Applicator, 3 Stencils, Universal Appeal",1 Ounce (Pack of 1),4.1 out of 5 stars,"3,403",$3.29,"FREE delivery Fri, Nov 25 on $25 of items shipped by AmazonOr fastest delivery Sun, Nov 20|",B019XFVXN0,https://m.media-amazon.com/images/I/61m2A8+m4uL._AC_UL320_.jpg
2001,https://www.amazon.com/Maybelline-New-York-Mechanical-Precisely/dp/B07PDMZ755/ref=sr_1_44?crid=1V4W0F0N7AXWG&keywords=eyebrow&qid=1668802774&sprefix=eyebrow+%2Caps%2C193&sr=8-44,"Maybelline New York Brow Ultra Slim Defining Eyebrow Makeup Mechanical Pencil With 1.55 MM Tip & Blending Spoolie For Precisely Defined Eyebrows, Medium Brown, 0.003 oz.",$7.58 with Subscribe & Save discountSave 50% on 1 when you buy 2,4.6 out of 5 stars,"15,151",$7.98,"FREE delivery Fri, Nov 25 on $25 of items shipped by AmazonOr fastest delivery Sun, Nov 20|",B07PDMZ755,https://m.media-amazon.com/images/I/61g2Hj3ikJL._AC_UL320_.jpg
2002,https://www.amazon.com/Benefit-Precisely-Pencil-Ultra-Defining/dp/B01HN51UL2/ref=sr_1_45?crid=1V4W0F0N7AXWG&keywords=eyebrow&qid=1668802774&sprefix=eyebrow+%2Caps%2C193&sr=8-45,"Benefit Precisely My Brow Pencil Ultra Fine Brow Defining Pencil, 3 - Warm light brown, 1 Count",1 Count (Pack of 1),4.7 out of 5 stars,"6,298",$20.99,"FREE delivery Fri, Nov 25 on $25 of items shipped by AmazonOr fastest delivery Sun, Nov 20|",B01HN51UL2,https://m.media-amazon.com/images/I/51hWPj04fBL._AC_UL320_.jpg
2003,https://www.amazon.com/OETUIOW-Eyebrow-Stamp-Stencil-Kit/dp/B0B2ZM9CCJ/ref=sr_1_46?crid=1V4W0F0N7AXWG&keywords=eyebrow&qid=1668802774&sprefix=eyebrow+%2Caps%2C193&sr=8-46,"OETUIOW Eyebrow Stamp Stencil Kit - One Step Brow Stamp Shaping Kit Long-Lasting Waterproof, Eyebrow Makeup Perfect Brow Shape with 24 Reusable Eyebrow Stencils Dark Brown",($10.12/Ounce),4.7 out of 5 stars,"2,180",$14.98,"FREE delivery Fri, Nov 25 on $25 of items shipped by AmazonOr fastest delivery Sun, Nov 20|",B0B2ZM9CCJ,https://m.media-amazon.com/images/I/81dQjzNRVBL._AC_UL320_.jpg
2004,https://www.amazon.com/Eyebrow-Lasting-Setting-Waterproof-Cosmetics/dp/B0B3SRHSMT/ref=sr_1_47?crid=1V4W0F0N7AXWG&keywords=eyebrow&qid=1668802774&sprefix=eyebrow+%2Caps%2C193&sr=8-47,"Eyebrow Soap Kit, 4D Brows Gel Long Lasting Eyebrow Setting Gel Waterproof Eyebrow Makeup Balm Pomade Cosmetics (0.7 Ounce (Pack of 1))",1 Ounce (Pack of 2),3.9 out of 5 stars,"9,314",$4.88,"FREE delivery Fri, Nov 25 on $25 of items shipped by AmazonOr fastest delivery Sun, Nov 20|",B0B3SRHSMT,https://m.media-amazon.com/images/I/51Yr81YeOfL._AC_UL320_.jpg
2005,https://www.amazon.com/Benefit-Pencil-Eyebrow-Shaping-Filling/dp/B01HN1ZQIY/ref=sr_1_48?crid=1V4W0F0N7AXWG&keywords=eyebrow&qid=1668802774&sprefix=eyebrow+%2Caps%2C193&sr=8-48,Benefit Goof Proof Brow Pencil Super Easy Eyebrow Shaping and Filling Tool - Shade 4,1 Count (Pack of 1),4.8 out of 5 stars,"2,296",$18.00,"FREE delivery Fri, Nov 25 on $25 of items shipped by AmazonOr fastest delivery Mon, Nov 21|",B01HN1ZQIY,https://m.media-amazon.com/images/I/61rvvsVGZIL._AC_UL320_.jpg
2006,https://www.amazon.com/Anastasia-Beverly-Hills-Definer-Taupe/dp/B01ADKNJPO/ref=sr_1_49?crid=1V4W0F0N7AXWG&keywords=eyebrow&qid=1668802774&sprefix=eyebrow+%2Caps%2C193&sr=8-49,Anastasia Beverly Hills - Brow Definer,($26.00/Count),4.6 out of 5 stars,"11,798",$26.00,"FREE delivery Fri, Nov 25 Or fastest delivery Sun, Nov 20|",B01ADKNJPO,https://m.media-amazon.com/images/I/51cF-gQN4LL._AC_UL320_.jpg
2007,https://www.amazon.com/LOreal-Paris-Unbelieva-Brow-Waterproof-Resistant/dp/B07GY7YX3D/ref=sr_1_50?crid=1V4W0F0N7AXWG&keywords=eyebrow&qid=1668802774&sprefix=eyebrow+%2Caps%2C193&sr=8-50,"L'Oreal Paris Unbelieva-Brow Tinted Waterproof Brow Gel, Brunette",0.15 Fl Oz (Pack of 1),4.1 out of 5 stars,"13,540",$8.00,"FREE delivery Fri, Nov 25 on $25 of items shipped by AmazonOr fastest delivery Sun, Nov 20|",B07GY7YX3D,https://m.media-amazon.com/images/I/61m215FzmeL._AC_UL320_.jpg
2008,https://www.amazon.com/Maybelline-Extensions-Stickeyebrow-Natural-looking-Eyebrows/dp/B085S9JBD7/ref=sr_1_51?crid=1V4W0F0N7AXWG&keywords=eyebrow&qid=1668802774&sprefix=eyebrow+%2Caps%2C193&sr=8-51,"Maybelline New York Brow Extensions Fiber Pomade Crayon Eyebrow Makeup, 248 Light Blonde",1 Count (Pack of 1),4.2 out of 5 stars,"5,336",$4.50,"FREE delivery Fri, Nov 25 on $25 of items shipped by AmazonOr fastest delivery Sun, Nov 20|",B085S9JBD7,https://m.media-amazon.com/images/I/711-i-AqwkL._AC_UL320_.jpg
2009,https://www.amazon.com/Anastasia-Beverly-Hills-DIPBROW-Medium/dp/B07RN6X77Y/ref=sr_1_52?crid=1V4W0F0N7AXWG&keywords=eyebrow&qid=1668802774&sprefix=eyebrow+%2Caps%2C193&sr=8-52,Anastasia Beverly Hills - Mini DIPBROW Gel - Medium Brown,0.08 Ounce (Pack of 1),4.2 out of 5 stars,"1,019",$9.00,"FREE delivery Fri, Nov 25 on $25 of items shipped by AmazonOr fastest delivery Sun, Nov 20|",B07RN6X77Y,https://m.media-amazon.com/images/I/51U9gR2CsEL._AC_UL320_.jpg
2010,https://www.amazon.com/Winky-Lux-Uni-Brow-Universal-Eyebrow/dp/B07ND3HQY9/ref=sr_1_53?crid=1V4W0F0N7AXWG&keywords=eyebrow&qid=1668802774&sprefix=eyebrow+%2Caps%2C193&sr=8-53,"Winky Lux Uni Brow Universal Eyebrow Pencil, Brow Pencil and Eyebrow Makeup for All Brow Shades, Blonde Eyebrow Pencil and Black Eyebrow Pencil, Eyebrow Color",0.09 Ounce (Pack of 1),4.7 out of 5 stars,"2,661",$15.99,"FREE delivery Fri, Nov 25 on $25 of items shipped by AmazonOr fastest delivery Sun, Nov 20||Small Business|Small Business|Small Business|<img alt="""" src=""https://m.media-amazon.com/images/I/111mHoVK0kL._SS200_.png"" height=""50px"" width=""50px""/>  Small Business|<img alt="""" src=""https://m.media-amazon.com/images/I/111mHoVK0kL._SS200_.png"" height=""50px"" width=""50px""/>  Small Business",B07ND3HQY9,https://m.media-amazon.com/images/I/61xKhrDkPpL._AC_UL320_.jpg|https://m.media-amazon.com/images/I/111mHoVK0kL._SS200_.png|
2011,https://www.amazon.com/iMethod-Eyebrow-Stamp-Stencil-Kit/dp/B09Q8HBYKD/ref=sr_1_54?crid=1V4W0F0N7AXWG&keywords=eyebrow&qid=1668802774&sprefix=eyebrow+%2Caps%2C193&sr=8-54,"iMethod Eyebrow Stamp and Eyebrow Stencil Kit - Eye Brow Stamping Kit, Brow Stamp Trio Kit, Brow Stencil and Stamp Kit, Brow Eyebrow Kit, Light Brown",14 Piece Set,3.9 out of 5 stars,"2,791",$19.97,"FREE delivery Fri, Nov 25 on $25 of items shipped by AmazonOr fastest delivery Sun, Nov 20|",B09Q8HBYKD,https://m.media-amazon.com/images/I/71OUtPhvMqL._AC_UL320_.jpg
2012,https://www.amazon.com/Maybelline-Tattoo-Peel-Off-4-9ml-Light/dp/B073VN1B3K/ref=sr_1_55?crid=1V4W0F0N7AXWG&keywords=eyebrow&qid=1668802774&sprefix=eyebrow+%2Caps%2C193&sr=8-55,"Maybelline New York Brow Tattoo Longlasting Tint, Light Brown, 4.9 ml",0.17 Fl Oz (Pack of 1),4.2 out of 5 stars,"43,699",$9.99,"FREE delivery Fri, Nov 25 on $25 of items shipped by AmazonOr fastest delivery Tue, Nov 22|",B073VN1B3K,https://m.media-amazon.com/images/I/51Jn34i8IwL._AC_UL320_.jpg
2013,https://www.amazon.com/Eyebrows-Waterproof-Stencils-Dual-ended-Applicator/dp/B0BB79GKRX/ref=sr_1_56?crid=1V4W0F0N7AXWG&keywords=eyebrow&qid=1668802774&sprefix=eyebrow+%2Caps%2C193&sr=8-56,"Eyebrow Stamp Stencil Kit for Eyebrows, Brow Stamp Trio Kit with Waterproof Eyebrow Pencil, Eyebrow Pomade, 20 Eyebrow Stencils, Dual-ended Eyebrow Brush and Sponge Applicator - Soft Brown",($9.99/Count),4.1 out of 5 stars,135,$9.99,"FREE delivery Fri, Nov 25 on $25 of items shipped by AmazonOr fastest delivery Sun, Nov 20|",B0BB79GKRX,https://m.media-amazon.com/images/I/71rt6hHFNoL._AC_UL320_.jpg
2014,https://www.amazon.com/Anastasia-Beverly-Hills-Brow-Brown/dp/B00GI21NW8/ref=sr_1_57?crid=1V4W0F0N7AXWG&keywords=eyebrow&qid=1668802774&sprefix=eyebrow+%2Caps%2C193&sr=8-57,Anastasia Beverly Hills - Brow Wiz,1 Count (Pack of 1),4.7 out of 5 stars,"20,397",$25.00,"FREE delivery Fri, Nov 25 Or fastest delivery Tue, Nov 22|",B00GI21NW8,https://m.media-amazon.com/images/I/51AWKF67l0L._AC_UL320_.jpg
2015,https://www.amazon.com/MADLUVV-Eyebrow-Stencil-Original-Patent-Pending/dp/B08S6VG7S2/ref=sr_1_58?crid=1V4W0F0N7AXWG&keywords=eyebrow&qid=1668802774&sprefix=eyebrow+%2Caps%2C193&sr=8-58,"MADLUVV Eyebrow Stamp Stencil Kit, 1-Step Brow Stamp™ + Shaping Kit, The Original Patent-Pending Viral Eyebrow Stamp and Stencil Set (Taupe)",8 Piece Set,3.8 out of 5 stars,"6,179",$43.00,"FREE delivery Fri, Nov 25 Or fastest delivery Sun, Nov 20|",B08S6VG7S2,https://m.media-amazon.com/images/I/51se0hp3fgL._AC_UL320_.jpg
2016,https://www.amazon.com/Eyebrow-Stencil-Reusable-Template-Suitable/dp/B08J6TY6V7/ref=sr_1_59?crid=1V4W0F0N7AXWG&keywords=eyebrow&qid=1668802774&sprefix=eyebrow+%2Caps%2C193&sr=8-59,"Eyebrow Stencil, 24 Eyebrow Shaper Kit, Reusable Eyebrow Template With Strap, 3 Minutes Makeup, Suitable for 98%",26 Piece Set,3.5 out of 5 stars,"4,508",$9.99,"FREE delivery Fri, Nov 25 on $25 of items shipped by AmazonOr fastest delivery Sun, Nov 20|",B08J6TY6V7,https://m.media-amazon.com/images/I/71akcdLexcL._AC_UL320_.jpg
2017,https://www.amazon.com/Eyebrow-Long-Lasting-Waterproof-Reusable-Stencils/dp/B09YVL1HGT/ref=sr_1_60?crid=1V4W0F0N7AXWG&keywords=eyebrow&qid=1668802774&sprefix=eyebrow+%2Caps%2C193&sr=8-60,"Eyebrow Stamp Stencil Kit 1 Step Brow Stamp Shaping Kit Long-Lasting Waterproof with 24 Reusable Eyebrow Stencils, Long-Lasting, Light Brown",26 Piece Set,4.3 out of 5 stars,922,$14.97,"FREE delivery Fri, Nov 25 on $25 of items shipped by AmazonOr fastest delivery Sun, Nov 20|",B09YVL1HGT,https://m.media-amazon.com/images/I/81cjq7LcKDL._AC_UL320_.jpg
2018,https://aax-us-iad.amazon.com/x/c/RPDNfJDDtpPQzhbTpG23NGEAAAGEjGWG8QEAAAH2AQBOL0EgICAgICAgICAgICBOL0EgICAgICAgICAgICCkkAlv/https://www.amazon.com/dp/B09CWLVS9C?pd_rd_i=B09CWLVS9C&pf_rd_p=55defc4a-7c1e-47a7-8d1d-5cc458cca688&pf_rd_r=0642XMNMRBHP6PRZFP1G&pd_rd_wg=yRjts&pd_rd_w=DfKoh&pd_rd_r=e6cbeaf1-6060-4816-ad96-ad0ef4a12430,ForChics ForBrow Eyebrow Growth Serum For Thicker Brows - Natural & Organic Conditioner For Fuller and Thick Eyebrows | Vegan & Cruelty-Free Formula | New Innovative Peptides - [0.10 fl. oz/ 3ml],Sponsored,3.7 out of 5 stars,186,$39.99,"FREE delivery Fri, Nov 25 Or fastest delivery Mon, Nov 21|",,
2026,https://www.amazon.com/sspa/click?ie=UTF8&spc=MTo4ODc1ODMxNjE2MTA2OTQyOjE2Njg4MDI3OTM6c3BfYXRmOjIwMDA2NjUyNzg5NTY5ODo6MDo6&url=%2Fl-f-Hydrating-Primer-Fluid-Ounce%2Fdp%2FB00HVI8WYU%2Fref%3Dsr_1_1_sspa%3Fcrid%3D26GR94VX9FUL6%26keywords%3Dprimer%26qid%3D1668802793%26sprefix%3Dprimer%252Caps%252C227%26sr%3D8-1-spons%26sp_csd%3Dd2lkZ2V0TmFtZT1zcF9hdGY%26psc%3D1,"e.l.f., Hydrating Face Primer, Lightweight, Long Lasting, Creamy, Hydrates, Smooths, Fills in Pores and Fine Lines, Natural Matte Finish, Infused with Vitamin E, 0.47 Oz",Sponsored,4.4 out of 5 stars,"25,315",$8.00,FREE delivery on $25 shipped by Amazon.,B00HVI8WYU,https://m.media-amazon.com/images/I/41Jt+2nZzRL._AC_UL320_.jpg
2027,https://www.amazon.com/sspa/click?ie=UTF8&spc=MTo4ODc1ODMxNjE2MTA2OTQyOjE2Njg4MDI3OTM6c3BfYXRmOjIwMDA1ODQwODk5MjM5ODo6MDo6&url=%2FNeutrogena-Control-Booster-Skin-Mattifying-Primer%2Fdp%2FB0814SC27Y%2Fref%3Dsr_1_2_sspa%3Fcrid%3D26GR94VX9FUL6%26keywords%3Dprimer%26qid%3D1668802793%26sprefix%3Dprimer%252Caps%252C227%26sr%3D8-2-spons%26sp_csd%3Dd2lkZ2V0TmFtZT1zcF9hdGY%26psc%3D1,"Neutrogena Shine Control Matte Booster Face Primer & Serum, Skin-Mattifying Serum-to-Primer with Rice Protein, Absorbs Excess Oil & Keeps Skin Shine Free, 1.0 fl. oz",Sponsored,4.1 out of 5 stars,"1,657",$14.99,FREE delivery on $25 shipped by Amazon.,B0814SC27Y,https://m.media-amazon.com/images/I/71AuGIuVk2L._AC_UL320_.jpg
2028,https://www.amazon.com/sspa/click?ie=UTF8&spc=MTo4ODc1ODMxNjE2MTA2OTQyOjE2Njg4MDI3OTM6c3BfYXRmOjIwMDA0MDI1OTcxNDQ5ODo6MDo6&url=%2FNYX-Studio-Perfect-Primer-Clear%2Fdp%2FB004RC4S3M%2Fref%3Dsr_1_3_sspa%3Fcrid%3D26GR94VX9FUL6%26keywords%3Dprimer%26qid%3D1668802793%26sprefix%3Dprimer%252Caps%252C227%26sr%3D8-3-spons%26sp_csd%3Dd2lkZ2V0TmFtZT1zcF9hdGY%26psc%3D1,"NYX PROFESSIONAL MAKEUP Studio Perfect Primer, Vegan Face Primer - Clear",Sponsored,4.4 out of 5 stars,"13,885",$11.00,FREE delivery Nov 28 - 29,B004RC4S3M,https://m.media-amazon.com/images/I/51qpJX8zb4L._AC_UL320_.jpg
2029,https://www.amazon.com/sspa/click?ie=UTF8&spc=MTo4ODc1ODMxNjE2MTA2OTQyOjE2Njg4MDI3OTM6c3BfYXRmOjIwMDEwMTY1MTM2MTQ4MTo6MDo6&url=%2FTULA-Luminizing-Moisturizing-Illuminate-Filter-Like%2Fdp%2FB093P8QCQF%2Fref%3Dsr_1_4_sspa%3Fcrid%3D26GR94VX9FUL6%26keywords%3Dprimer%26qid%3D1668802793%26sprefix%3Dprimer%252Caps%252C227%26sr%3D8-4-spons%26sp_csd%3Dd2lkZ2V0TmFtZT1zcF9hdGY%26psc%3D1%26smid%3DA1YOTRQU1KUGKH,"TULA Skin Care Filter Primer Luminizing & Moisturizing Primer | Prime, Smooth & Illuminate with a Filter-Like Finish | First Light, 1 fl. oz.",Sponsored,4.5 out of 5 stars,"3,602",$38.00,"FREE delivery Fri, Nov 25 Or fastest delivery Sun, Nov 20||Small Business|Small Business|Small Business|<img alt="""" src=""https://m.media-amazon.com/images/I/111mHoVK0kL._SS200_.png"" height=""50px"" width=""50px""/>  Small Business|<img alt="""" src=""https://m.media-amazon.com/images/I/111mHoVK0kL._SS200_.png"" height=""50px"" width=""50px""/>  Small Business",B093P8QCQF,https://m.media-amazon.com/images/I/41pjctPeM5L._AC_UL320_.jpg|https://m.media-amazon.com/images/I/111mHoVK0kL._SS200_.png|
2030,https://www.amazon.com/l-f-Poreless-Skin-Perfecting-Lightweight-Minimizes/dp/B07NSH2B4D/ref=sr_1_5?crid=26GR94VX9FUL6&keywords=primer&qid=1668802793&sprefix=primer%2Caps%2C227&sr=8-5,"e.l.f. Poreless Putty Primer, Silky, Skin-Perfecting, Lightweight, Long Lasting, Smooths, Hydrates, Minimizes Pores, Flawless Base, All-Day Wear, Flawless Finish, Ideal for All Skin Types, 0.74 Fl Oz",0.74 Fl Oz (Pack of 1),4.4 out of 5 stars,"40,053",$9.99,"FREE delivery Fri, Nov 25 on $25 of items shipped by AmazonOr fastest delivery Sun, Nov 20|",B07NSH2B4D,https://m.media-amazon.com/images/I/61w0TOSAwLL._AC_UL320_.jpg
2031,https://www.amazon.com/Milk-Makeup-Hydro-Grip-Primer/dp/B07PQN4XZ1/ref=sr_1_6?crid=26GR94VX9FUL6&keywords=primer&qid=1668802793&sprefix=primer%2Caps%2C227&sr=8-6,"MILK Makeup Hydro Grip Primer - Hydrating Gel Formula - Paraben, Oil, and Silicone Free - Mini .33 Fl Oz",0.13 Fl Oz (Pack of 1),4.4 out of 5 stars,"1,484",$16.97,"FREE delivery Fri, Nov 25 on $25 of items shipped by AmazonOr fastest delivery Sun, Nov 20|",B07PQN4XZ1,https://m.media-amazon.com/images/I/516djGxyrHL._AC_UL320_.jpg
2032,https://www.amazon.com/Rimmel-Refines-Smooths-Standalone-Matteifying/dp/B00I9X3UKM/ref=sr_1_7?crid=26GR94VX9FUL6&keywords=primer&qid=1668802793&sprefix=primer%2Caps%2C227&sr=8-7,"Rimmel Stay Matte Mattifying Primer, 1 oz, Pack of 1",1 Fl Oz (Pack of 1),4.4 out of 5 stars,"35,492",$5.97,"FREE delivery Fri, Nov 25 on $25 of items shipped by AmazonOr fastest delivery Sun, Nov 20|",B00I9X3UKM,https://m.media-amazon.com/images/I/61qwiquGi+L._AC_UL320_.jpg
2033,https://www.amazon.com/Primer-Makeup-Minimizer-Brighten-Lightweight/dp/B09YN237FC/ref=sxin_15?content-id=amzn1.sym.d7223ab3-d7ba-402d-901f-6bf4c3c8698f%3Aamzn1.sym.d7223ab3-d7ba-402d-901f-6bf4c3c8698f&crid=26GR94VX9FUL6&cv_ct_cx=primer&keywords=primer&pd_rd_i=B09YN237FC&pd_rd_r=8bf6933e-be77-45d9-b977-38186edb4a95&pd_rd_w=roT8Y&pd_rd_wg=2fkId&pf_rd_p=d7223ab3-d7ba-402d-901f-6bf4c3c8698f&pf_rd_r=H1JYYFTHGYRWKKKNYZ22&qid=1668802793&sprefix=primer%2Caps%2C227&sr=1-1-fe296e3f-866b-4d03-ac2f-5b8cc03edba3,"Face Primer, Primer Face Makeup for Pore Minimizer and Brighten Skin, Smooth, Lightweight, Oily Skin - Moisturizes and Nourishes, Long Lasting - 2 Pack",1.23 Ounce (Pack of 2),4.5 out of 5 stars|4.4 out of 5 stars|4.3 out of 5 stars|4.3 out of 5 stars|4.2 out of 5 stars|4.2 out of 5 stars,"14|3,366|2,168|306|133|50",$13.29,"Small Business|Small Business|Small Business|<img alt="""" src=""https://m.media-amazon.com/images/I/111mHoVK0kL._SS200_.png"" height=""50px"" width=""50px""/>  Small Business|<img alt="""" src=""https://m.media-amazon.com/images/I/111mHoVK0kL._SS200_.png"" height=""50px"" width=""50px""/>  Small Business",,https://m.media-amazon.com/images/I/61iOK5zB-5L._AC_UL320_.jpg|https://m.media-amazon.com/images/I/71YM2mqz98L._AC_UL320_.jpg|https://m.media-amazon.com/images/I/41CJjGb3cjL._AC_UL320_.jpg|https://m.media-amazon.com/images/I/41aP+-6k7qS._AC_UL320_.jpg|https://m.media-amazon.com/images/I/111mHoVK0kL._SS200_.png||https://m.media-amazon.com/images/I/51cGKSAr9-L._AC_UL320_.jpg|https://m.media-amazon.com/images/I/51gbvkz-QsL._AC_UL320_.jpg
2034,https://www.amazon.com/Primer-Makeup-Minimizer-Brighten-Lightweight/dp/B09YN237FC/ref=sxin_15?content-id=amzn1.sym.d7223ab3-d7ba-402d-901f-6bf4c3c8698f%3Aamzn1.sym.d7223ab3-d7ba-402d-901f-6bf4c3c8698f&crid=26GR94VX9FUL6&cv_ct_cx=primer&keywords=primer&pd_rd_i=B09YN237FC&pd_rd_r=8bf6933e-be77-45d9-b977-38186edb4a95&pd_rd_w=roT8Y&pd_rd_wg=2fkId&pf_rd_p=d7223ab3-d7ba-402d-901f-6bf4c3c8698f&pf_rd_r=H1JYYFTHGYRWKKKNYZ22&qid=1668802793&sprefix=primer%2Caps%2C227&sr=1-1-fe296e3f-866b-4d03-ac2f-5b8cc03edba3,"Face Primer, Primer Face Makeup for Pore Minimizer and Brighten Skin, Smooth, Lightweight, Oily Skin - Moisturizes and Nourishes, Long Lasting - 2 Pack",1.23 Ounce (Pack of 2),4.5 out of 5 stars,14,$13.29,,B09YN237FC,https://m.media-amazon.com/images/I/61iOK5zB-5L._AC_UL320_.jpg
2035,https://www.amazon.com/Concealers-Corrector-Correcting-Brightening-Latorice/dp/B085KV46VN/ref=sxin_15?content-id=amzn1.sym.d7223ab3-d7ba-402d-901f-6bf4c3c8698f%3Aamzn1.sym.d7223ab3-d7ba-402d-901f-6bf4c3c8698f&crid=26GR94VX9FUL6&cv_ct_cx=primer&keywords=primer&pd_rd_i=B085KV46VN&pd_rd_r=8bf6933e-be77-45d9-b977-38186edb4a95&pd_rd_w=roT8Y&pd_rd_wg=2fkId&pf_rd_p=d7223ab3-d7ba-402d-901f-6bf4c3c8698f&pf_rd_r=H1JYYFTHGYRWKKKNYZ22&qid=1668802793&sprefix=primer%2Caps%2C227&sr=1-2-fe296e3f-866b-4d03-ac2f-5b8cc03edba3,"One Step Color Corrector, Isolation Cream, Makeup Primer Skin Tone Correcting and Brightening Primer, Oil Control Moisturizing, Latorice",1.4 Fl Oz (Pack of 1),4.4 out of 5 stars,"3,366",$14.38,,B085KV46VN,https://m.media-amazon.com/images/I/71YM2mqz98L._AC_UL320_.jpg
2036,https://www.amazon.com/Hydrating-Smoothing-Isolated-Moisturizing-Foundation/dp/B0B8R73T6F/ref=sxin_15?content-id=amzn1.sym.d7223ab3-d7ba-402d-901f-6bf4c3c8698f%3Aamzn1.sym.d7223ab3-d7ba-402d-901f-6bf4c3c8698f&crid=26GR94VX9FUL6&cv_ct_cx=primer&keywords=primer&pd_rd_i=B0B8R73T6F&pd_rd_r=8bf6933e-be77-45d9-b977-38186edb4a95&pd_rd_w=roT8Y&pd_rd_wg=2fkId&pf_rd_p=d7223ab3-d7ba-402d-901f-6bf4c3c8698f&pf_rd_r=H1JYYFTHGYRWKKKNYZ22&qid=1668802793&sprefix=primer%2Caps%2C227&sr=1-3-fe296e3f-866b-4d03-ac2f-5b8cc03edba3,"Pro Makeup Primer, Long Lasting Hydrating Smoothing Isolated Moisturizing Oil Free Effect Make Up Base Matte Face Foundation Primer (0.20 Fl Oz (Pack of 1))",0.2 Fl Oz (Pack of 1),4.3 out of 5 stars,"2,168",$5.01,,B0B8R73T6F,https://m.media-amazon.com/images/I/41CJjGb3cjL._AC_UL320_.jpg
2037,https://www.amazon.com/Heimish-Artless-Glow-Base-SPF/dp/B01H3EWCH4/ref=sxin_15?content-id=amzn1.sym.d7223ab3-d7ba-402d-901f-6bf4c3c8698f%3Aamzn1.sym.d7223ab3-d7ba-402d-901f-6bf4c3c8698f&crid=26GR94VX9FUL6&cv_ct_cx=primer&keywords=primer&pd_rd_i=B01H3EWCH4&pd_rd_r=8bf6933e-be77-45d9-b977-38186edb4a95&pd_rd_w=roT8Y&pd_rd_wg=2fkId&pf_rd_p=d7223ab3-d7ba-402d-901f-6bf4c3c8698f&pf_rd_r=H1JYYFTHGYRWKKKNYZ22&qid=1668802793&sprefix=primer%2Caps%2C227&sr=1-4-fe296e3f-866b-4d03-ac2f-5b8cc03edba3,"Heimish Artless Glow Base, Makeup Primer, Sunscreen, All-in-one SPF 50+ PA+++, 40 ml | Cruelty-free, All Skin Types, Lightweight",1.35 Fl Oz (Pack of 1),4.3 out of 5 stars,306,$22.00,"Small Business|Small Business|Small Business|<img alt="""" src=""https://m.media-amazon.com/images/I/111mHoVK0kL._SS200_.png"" height=""50px"" width=""50px""/>  Small Business|<img alt="""" src=""https://m.media-amazon.com/images/I/111mHoVK0kL._SS200_.png"" height=""50px"" width=""50px""/>  Small Business",B01H3EWCH4,https://m.media-amazon.com/images/I/41aP+-6k7qS._AC_UL320_.jpg|https://m.media-amazon.com/images/I/111mHoVK0kL._SS200_.png|
2038,https://www.amazon.com/TOUCH-SOL-Poreblem-Hybrid-Primer/dp/B09YXQ7D3H/ref=sxin_15?content-id=amzn1.sym.d7223ab3-d7ba-402d-901f-6bf4c3c8698f%3Aamzn1.sym.d7223ab3-d7ba-402d-901f-6bf4c3c8698f&crid=26GR94VX9FUL6&cv_ct_cx=primer&keywords=primer&pd_rd_i=B09YXQ7D3H&pd_rd_r=8bf6933e-be77-45d9-b977-38186edb4a95&pd_rd_w=roT8Y&pd_rd_wg=2fkId&pf_rd_p=d7223ab3-d7ba-402d-901f-6bf4c3c8698f&pf_rd_r=H1JYYFTHGYRWKKKNYZ22&qid=1668802793&sprefix=primer%2Caps%2C227&sr=1-5-fe296e3f-866b-4d03-ac2f-5b8cc03edba3,"TOUCH IN SOL No Poreblem Hybrid Primer - Extra Pore Covering - 24/7 Matt Finish Sebum and Shine Control - with Vitamin C & E and Green Tea Extracts For Smooths Skin, 1.01 fl.oz.",1 Ounce (Pack of 1),4.2 out of 5 stars,133,$25.00,,B09YXQ7D3H,https://m.media-amazon.com/images/I/51cGKSAr9-L._AC_UL320_.jpg
2039,https://www.amazon.com/AVIERLL-Eyeshadow-Coverage-Waterproof-Concealer/dp/B09N8Z23S9/ref=sxin_15?content-id=amzn1.sym.d7223ab3-d7ba-402d-901f-6bf4c3c8698f%3Aamzn1.sym.d7223ab3-d7ba-402d-901f-6bf4c3c8698f&crid=26GR94VX9FUL6&cv_ct_cx=primer&keywords=primer&pd_rd_i=B09N8Z23S9&pd_rd_r=8bf6933e-be77-45d9-b977-38186edb4a95&pd_rd_w=roT8Y&pd_rd_wg=2fkId&pf_rd_p=d7223ab3-d7ba-402d-901f-6bf4c3c8698f&pf_rd_r=H1JYYFTHGYRWKKKNYZ22&qid=1668802793&sprefix=primer%2Caps%2C227&sr=1-6-fe296e3f-866b-4d03-ac2f-5b8cc03edba3,"Eyeshadow Primer,Eye Primer,Makeup Primer Long Lasting Cream Eyeshadow Base,Primer Face Makeup,Full Coverage Waterproof Concealer 1 Pens -0.40 fl oz (01_IVORY)",0.4 Fl Oz (Pack of 1),4.2 out of 5 stars,50,$7.57,,B09N8Z23S9,https://m.media-amazon.com/images/I/51gbvkz-QsL._AC_UL320_.jpg
2040,https://www.amazon.com/l-f-Hydrating-Primer-Fluid-Ounce/dp/B00HVI8WYU/ref=sxin_16?asc_contentid=amzn1.osa.9191e34b-7bf3-486a-9dbc-3fb0ea4760b3.ATVPDKIKX0DER.en_US&asc_contenttype=article&ascsubtag=amzn1.osa.9191e34b-7bf3-486a-9dbc-3fb0ea4760b3.ATVPDKIKX0DER.en_US&content-id=amzn1.sym.01243ef6-1f4d-40e2-ad34-d02b1375dcf1%3Aamzn1.sym.01243ef6-1f4d-40e2-ad34-d02b1375dcf1&creativeASIN=B00HVI8WYU&crid=26GR94VX9FUL6&cv_ct_cx=primer&cv_ct_id=amzn1.osa.9191e34b-7bf3-486a-9dbc-3fb0ea4760b3.ATVPDKIKX0DER.en_US&cv_ct_pg=search&cv_ct_we=asin&cv_ct_wn=osp-single-source-pecos-desktop&keywords=primer&linkCode=oas&pd_rd_i=B00HVI8WYU&pd_rd_r=8bf6933e-be77-45d9-b977-38186edb4a95&pd_rd_w=tSyZf&pd_rd_wg=2fkId&pf_rd_p=01243ef6-1f4d-40e2-ad34-d02b1375dcf1&pf_rd_r=H1JYYFTHGYRWKKKNYZ22&qid=1668802793&sprefix=primer%2Caps%2C227&sr=1-1-c26ac7f6-b43f-4741-a772-17cad7536576&tag=onamz22words0-20,"e.l.f., Hydrating Face Primer, Lightweight, Long Lasting, Creamy, Hydrates, Smooths, Fills in Pores and Fine Lines, Natural Matte Finish, Infused with Vitamin E, 0.47 Oz",By,4.4 out of 5 stars|4.4 out of 5 stars|4.4 out of 5 stars|4.3 out of 5 stars|4.4 out of 5 stars|4.4 out of 5 stars,"25,315|35,492|13,885|11,725|59,732|33,306",$8.00,"Small Business|Small Business|Small Business|<img alt="""" src=""https://m.media-amazon.com/images/I/111mHoVK0kL._SS200_.png"" height=""50px"" width=""50px""/>  Small Business|<img alt="""" src=""https://m.media-amazon.com/images/I/111mHoVK0kL._SS200_.png"" height=""50px"" width=""50px""/>  Small Business",,https://m.media-amazon.com/images/I/41Jt+2nZzRL._AC_UL320_.jpg|https://m.media-amazon.com/images/I/61qwiquGi+L._AC_UL320_.jpg|https://m.media-amazon.com/images/I/51qpJX8zb4L._AC_UL320_.jpg|https://m.media-amazon.com/images/I/51XR+6gq46L._AC_UL320_.jpg|https://m.media-amazon.com/images/I/71W3Bxlk+uL._AC_UL320_.jpg|https://m.media-amazon.com/images/I/41HtbLcjEZL._AC_UL320_.jpg|https://m.media-amazon.com/images/I/111mHoVK0kL._SS200_.png|
2042,https://www.amazon.com/Makeup-Eclipse-Mattifying-Blurring-Primer/dp/B0BBFHSPL7/ref=sr_1_8?crid=26GR94VX9FUL6&keywords=primer&qid=1668802793&sprefix=primer%2Caps%2C227&sr=8-8,MILK Makeup Pore Eclipse Mattifying + Blurring Face Primer - 0.68 FL OZ,0.68 Fl Oz,5.0 out of 5 stars,1,$18.00,"FREE delivery Fri, Nov 25 on $25 of items shipped by AmazonOr fastest delivery Sun, Nov 20|",B0BBFHSPL7,https://m.media-amazon.com/images/I/51tyrh68ZtL._AC_UL320_.jpg
2043,https://www.amazon.com/l-f-Gel-Based-Hydrating-Smoothing-Moisturizes/dp/B09XMYFTB7/ref=sr_1_9?crid=26GR94VX9FUL6&keywords=primer&qid=1668802793&sprefix=primer%2Caps%2C227&sr=8-9,"e.l.f. Power Grip Primer, Gel-Based & Hydrating Face Primer For Smoothing Skin & Gripping Makeup, Moisturizes & Primes, 0.811 Fl Oz (24 ml)",0.81 Fl Oz (Pack of 1),4.6 out of 5 stars,"2,622",$8.11,FREE delivery on $25 shipped by Amazon.,B09XMYFTB7,https://m.media-amazon.com/images/I/613GTNTh3PL._AC_UL320_.jpg
2044,https://www.amazon.com/l-f-Hydrating-Primer-Fluid-Ounce/dp/B00HVI8WYU/ref=sr_1_10?crid=26GR94VX9FUL6&keywords=primer&qid=1668802793&sprefix=primer%2Caps%2C227&sr=8-10,"e.l.f., Hydrating Face Primer, Lightweight, Long Lasting, Creamy, Hydrates, Smooths, Fills in Pores and Fine Lines, Natural Matte Finish, Infused with Vitamin E, 0.47 Oz",0.47 Fl Oz (Pack of 1),4.4 out of 5 stars,"25,315",$8.00,FREE delivery on $25 shipped by Amazon.,B00HVI8WYU,https://m.media-amazon.com/images/I/41Jt+2nZzRL._AC_UL320_.jpg
2045,https://www.amazon.com/Maybelline-Studio-Master-Primer-Smooth/dp/B00PFCSC6W/ref=sr_1_11?crid=26GR94VX9FUL6&keywords=primer&qid=1668802793&sprefix=primer%2Caps%2C227&sr=8-11,"Maybelline Face Studio Master Prime Primer, Blur + Smooth, 1 Count",1 Fl Oz (Pack of 1),4.4 out of 5 stars,"8,585",$8.95,"FREE delivery Fri, Nov 25 on $25 of items shipped by AmazonOr fastest delivery Sun, Nov 20|",B00PFCSC6W,https://m.media-amazon.com/images/I/71cKeLWCvQL._AC_UL320_.jpg
2046,https://www.amazon.com/essence-Hydrating-Smoothing-Foundation-Microplastic/dp/B09R8289X7/ref=sr_1_12?crid=26GR94VX9FUL6&keywords=primer&qid=1668802793&sprefix=primer%2Caps%2C227&sr=8-12,"essence | Fix & LAST Make Up Gripping Jelly Primer | Hydrating & Smoothing Foundation Primer for Long Lasting Make Up | Vegan & Cruelty Free | Made Without Alcohol, Parabens, & Microplastic Particles",0.98 Fl Oz (Pack of 1),4.1 out of 5 stars,92,$5.99,"FREE delivery Fri, Nov 25 on $25 of items shipped by AmazonOr fastest delivery Sun, Nov 20|",B09R8289X7,https://m.media-amazon.com/images/I/71aonzSucQL._AC_UL320_.jpg
2047,https://www.amazon.com/Maybelline-Facestudio-Master-Primer-Minimize/dp/B07BHB7QBN/ref=sr_1_13?crid=26GR94VX9FUL6&keywords=primer&qid=1668802793&sprefix=primer%2Caps%2C227&sr=8-13,"Maybelline New York Facestudio Master Prime Primer Makeup, Blur + Pore Minimize, 1 Fl Oz (1 Count)",1 Fl Oz (Pack of 1),4.5 out of 5 stars,"6,855",$8.79,FREE delivery on $25 shipped by Amazon.,B07BHB7QBN,https://m.media-amazon.com/images/I/71Wyp0mvvhL._AC_UL320_.jpg
2048,https://www.amazon.com/l-f-Gel-Based-Hydrating-Smoothing-Moisturizes/dp/B09XMYFTB7/ref=sxin_24_ac_d_rm?ac_md=0-0-cHJpbWVy-ac_d_rm_rm_rm&content-id=amzn1.sym.568df61d-e115-4cb1-a96a-ba070b8f0935%3Aamzn1.sym.568df61d-e115-4cb1-a96a-ba070b8f0935&crid=26GR94VX9FUL6&cv_ct_cx=primer&keywords=primer&pd_rd_i=B09XMYFTB7&pd_rd_r=8bf6933e-be77-45d9-b977-38186edb4a95&pd_rd_w=zUT97&pd_rd_wg=2fkId&pf_rd_p=568df61d-e115-4cb1-a96a-ba070b8f0935&pf_rd_r=H1JYYFTHGYRWKKKNYZ22&psc=1&qid=1668802793&sprefix=primer%2Caps%2C227&sr=1-1-7d9bfb42-6e38-4445-b604-42cab39e191b,"e.l.f. Power Grip Primer, Gel-Based & Hydrating Face Primer For Smoothing Skin & Gripping Makeup, Moisturizes & Primes, 0.811 Fl Oz (24 ml)",Customers shopped Amazon's Choice for…,4.6 out of 5 stars|4.4 out of 5 stars|4.3 out of 5 stars|4.7 out of 5 stars|4.3 out of 5 stars,"2,622|13,885|534|836|6,758",$8.11,,,https://m.media-amazon.com/images/I/613GTNTh3PL._AC_UL320_.jpg|https://m.media-amazon.com/images/I/51qpJX8zb4L._AC_UL320_.jpg|https://m.media-amazon.com/images/I/61HZbaQ8jzL._AC_UL320_.jpg|https://m.media-amazon.com/images/I/71tlDWJi8RL._AC_UL320_.jpg|https://m.media-amazon.com/images/I/716t3FoJNUL._AC_UL320_.jpg
2049,https://www.amazon.com/Honest-Beauty-Extreme-Length-Mascara/dp/B07F462B2D/ref=sxin_25_cpf_saw-CPFPecos-dsk-lmlk-asin?content-id=amzn1.sym.0f1b45b9-2ef3-449d-8dec-0cc7749915dc%3Aamzn1.sym.0f1b45b9-2ef3-449d-8dec-0cc7749915dc&crid=26GR94VX9FUL6&cv_ct_cx=primer&keywords=primer&pd_rd_i=B07F462B2D&pd_rd_r=8bf6933e-be77-45d9-b977-38186edb4a95&pd_rd_w=gvm9b&pd_rd_wg=2fkId&pf_rd_p=0f1b45b9-2ef3-449d-8dec-0cc7749915dc&pf_rd_r=H1JYYFTHGYRWKKKNYZ22&qid=1668802793&rdc=1&sprefix=primer%2Caps%2C227&sr=1-1-88bb4e7b-fb79-43dc-9dec-6da196f88672,"Honest Beauty Extreme Length Mascara + Lash Primer | 2-in-1 Boosts Lash Length, Volume & Definition | Silicone Free, Paraben Free, Dermatologist & Ophthalmologist Tested | 0.2 Fl Oz, Black","Shop products with sustainability certifications, as part of our commitment to help preserve the natural world. Time is fleeting.",4.2 out of 5 stars|4.1 out of 5 stars|4.0 out of 5 stars|4.4 out of 5 stars|4.1 out of 5 stars|4.3 out of 5 stars|4.3 out of 5 stars|4.5 out of 5 stars,"16,193|6,838|1,611|1,550|423|242|191|117",$17.99,"Climate Pledge Friendly|Climate Pledge Friendly|Climate Pledge Friendly|<img alt="""" src=""https://m.media-amazon.com/images/I/216-OX9rBaL._SS200_.png"" height=""50px"" width=""50px""/>  Climate Pledge Friendly|<img alt="""" src=""https://m.media-amazon.com/images/I/216-OX9rBaL._SS200_.png"" height=""50px"" width=""50px""/>  Climate Pledge Friendly|<img alt="""" src=""https://m.media-amazon.com/images/I/31OPjlesFNL._SS200_.png"" height=""50px"" width=""50px""/> EWG Verified|Climate Pledge Friendly|Climate Pledge Friendly|Climate Pledge Friendly|<img alt="""" src=""https://m.media-amazon.com/images/I/216-OX9rBaL._SS200_.png"" height=""50px"" width=""50px""/>  Climate Pledge Friendly|<img alt="""" src=""https://m.media-amazon.com/images/I/216-OX9rBaL._SS200_.png"" height=""50px"" width=""50px""/>  Climate Pledge Friendly|<img alt="""" src=""https://m.media-amazon.com/images/I/31OPjlesFNL._SS200_.png"" height=""50px"" width=""50px""/> EWG Verified|Climate Pledge Friendly|Climate Pledge Friendly|Climate Pledge Friendly|<img alt="""" src=""https://m.media-amazon.com/images/I/216-OX9rBaL._SS200_.png"" height=""50px"" width=""50px""/>  Climate Pledge Friendly|<img alt="""" src=""https://m.media-amazon.com/images/I/216-OX9rBaL._SS200_.png"" height=""50px"" width=""50px""/>  Climate Pledge Friendly|<img alt="""" src=""https://m.media-amazon.com/images/I/31OPjlesFNL._SS200_.png"" height=""50px"" width=""50px""/> EWG Verified|Climate Pledge Friendly|Climate Pledge Friendly|Climate Pledge Friendly|<img alt="""" src=""https://m.media-amazon.com/images/I/216-OX9rBaL._SS200_.png"" height=""50px"" width=""50px""/>  Climate Pledge Friendly|<img alt="""" src=""https://m.media-amazon.com/images/I/216-OX9rBaL._SS200_.png"" height=""50px"" width=""50px""/>  Climate Pledge Friendly|<img alt="""" src=""https://m.media-amazon.com/images/I/41Y2L-DZWfL._SS200_.png"" height=""50px"" width=""50px""/> Compact by Design (Certified by Amazon)|Climate Pledge Friendly|Climate Pledge Friendly|Climate Pledge Friendly|<img alt="""" src=""https://m.media-amazon.com/images/I/216-OX9rBaL._SS200_.png"" height=""50px"" width=""50px""/>  Climate Pledge Friendly|<img alt="""" src=""https://m.media-amazon.com/images/I/216-OX9rBaL._SS200_.png"" height=""50px"" width=""50px""/>  Climate Pledge Friendly|<img alt="""" src=""https://m.media-amazon.com/images/I/31OPjlesFNL._SS200_.png"" height=""50px"" width=""50px""/> EWG Verified|Climate Pledge Friendly  Small Business|Climate Pledge Friendly|Climate Pledge Friendly|Small Business|Small Business|<img alt="""" src=""https://m.media-amazon.com/images/I/216-OX9rBaL._SS200_.png"" height=""50px"" width=""50px""/>  Climate Pledge Friendly|<img alt="""" src=""https://m.media-amazon.com/images/I/216-OX9rBaL._SS200_.png"" height=""50px"" width=""50px""/>  Climate Pledge Friendly|<img alt="""" src=""https://m.media-amazon.com/images/I/41Y2L-DZWfL._SS200_.png"" height=""50px"" width=""50px""/> Compact by Design (Certified by Amazon)|<img alt="""" src=""https://m.media-amazon.com/images/I/111mHoVK0kL._SS200_.png"" height=""50px"" width=""50px""/>  Small Business|<img alt="""" src=""https://m.media-amazon.com/images/I/111mHoVK0kL._SS200_.png"" height=""50px"" width=""50px""/>  Small Business|Climate Pledge Friendly  Small Business|Climate Pledge Friendly|Climate Pledge Friendly|Small Business|Small Business|<img alt="""" src=""https://m.media-amazon.com/images/I/216-OX9rBaL._SS200_.png"" height=""50px"" width=""50px""/>  Climate Pledge Friendly|<img alt="""" src=""https://m.media-amazon.com/images/I/216-OX9rBaL._SS200_.png"" height=""50px"" width=""50px""/>  Climate Pledge Friendly|<img alt="""" src=""https://m.media-amazon.com/images/I/41Y2L-DZWfL._SS200_.png"" height=""50px"" width=""50px""/> Compact by Design (Certified by Amazon)|<img alt="""" src=""https://m.media-amazon.com/images/I/111mHoVK0kL._SS200_.png"" height=""50px"" width=""50px""/>  Small Business|<img alt="""" src=""https://m.media-amazon.com/images/I/111mHoVK0kL._SS200_.png"" height=""50px"" width=""50px""/>  Small Business|Climate Pledge Friendly|Climate Pledge Friendly|Climate Pledge Friendly|<img alt="""" src=""https://m.media-amazon.com/images/I/216-OX9rBaL._SS200_.png"" height=""50px"" width=""50px""/>  Climate Pledge Friendly|<img alt="""" src=""https://m.media-amazon.com/images/I/216-OX9rBaL._SS200_.png"" height=""50px"" width=""50px""/>  Climate Pledge Friendly|<img alt="""" src=""https://m.media-amazon.com/images/I/31OPjlesFNL._SS200_.png"" height=""50px"" width=""50px""/> EWG Verified",,https://m.media-amazon.com/images/I/51DV4vg1TEL._AC_UL320_.jpg|https://m.media-amazon.com/images/I/216-OX9rBaL._SS200_.png|||https://m.media-amazon.com/images/I/71F6lQwrxjL._AC_UL320_.jpg|https://m.media-amazon.com/images/I/216-OX9rBaL._SS200_.png|||https://m.media-amazon.com/images/I/51CP6YYcN3L._AC_UL320_.jpg|https://m.media-amazon.com/images/I/216-OX9rBaL._SS200_.png|||https://m.media-amazon.com/images/I/61yvbMi0tGL._AC_UL320_.jpg|https://m.media-amazon.com/images/I/216-OX9rBaL._SS200_.png|||https://m.media-amazon.com/images/I/71RFmrmyjpL._AC_UL320_.jpg|https://m.media-amazon.com/images/I/216-OX9rBaL._SS200_.png|||https://m.media-amazon.com/images/I/81sjayZUO9L._AC_UL320_.jpg|https://m.media-amazon.com/images/I/216-OX9rBaL._SS200_.png|https://m.media-amazon.com/images/I/111mHoVK0kL._SS200_.png||||https://m.media-amazon.com/images/I/51jR9uX8R+L._AC_UL320_.jpg|https://m.media-amazon.com/images/I/216-OX9rBaL._SS200_.png|https://m.media-amazon.com/images/I/111mHoVK0kL._SS200_.png||||https://m.media-amazon.com/images/I/51FI6M-wFmL._AC_UL320_.jpg|https://m.media-amazon.com/images/I/216-OX9rBaL._SS200_.png||
2051,https://www.amazon.com/Maybelline-Facestudio-Master-Primer-Makeup/dp/B07BHBDN3Y/ref=sr_1_14?crid=26GR94VX9FUL6&keywords=primer&qid=1668802793&sprefix=primer%2Caps%2C227&sr=8-14,"Maybelline New York Facestudio Master Prime Primer Makeup, Blur+ Defend, 1 Fl Oz (1 Count)",1 Fl Oz (Pack of 1),4.5 out of 5 stars,"1,257",$7.00,"FREE delivery Fri, Nov 25 on $25 of items shipped by AmazonOr fastest delivery Sun, Nov 20|",B07BHBDN3Y,https://m.media-amazon.com/images/I/71LsmnGNmuL._AC_UL320_.jpg
2052,https://www.amazon.com/Wet-Wild-Photo-Focus-Primer/dp/B0155N7L7Q/ref=sr_1_15?crid=26GR94VX9FUL6&keywords=primer&qid=1668802793&sprefix=primer%2Caps%2C227&sr=8-15,Wet n Wild Photo Focus Matte Face Primer - Partners in Prime,0.84 Fl Oz (Pack of 1),4.2 out of 5 stars,"3,061",$5.28,"FREE delivery Fri, Nov 25 on $25 of items shipped by AmazonOr fastest delivery Sun, Nov 20|",B0155N7L7Q,https://m.media-amazon.com/images/I/61CUYHNF7kL._AC_UL320_.jpg
2053,https://www.amazon.com/l-f-Hydrating-Vitamin-Infused-Formula/dp/B079RYB74X/ref=sr_1_16?crid=26GR94VX9FUL6&keywords=primer&qid=1668802793&sprefix=primer%2Caps%2C227&sr=8-16,"e.l.f. Hydrating Face Primer, Makeup Primer For A Flawless, Smooth Canvas, Infused With Grape, Vitamins A, C, & E, Vegan & Cruelty-Free, 1.01 Oz",1.01 Fl Oz (Pack of 1),4.6 out of 5 stars,"1,433",$9.90,"FREE delivery Fri, Nov 25 on $25 of items shipped by AmazonOr fastest delivery Sun, Nov 20|",B079RYB74X,https://m.media-amazon.com/images/I/51P-Krf4lRL._AC_UL320_.jpg
2054,https://www.amazon.com/sspa/click?ie=UTF8&spc=MTo4ODc1ODMxNjE2MTA2OTQyOjE2Njg4MDI3OTM6c3BfbXRmOjIwMDA2NjUyNzg5NTU5ODo6MDo6&url=%2Fl-f-Poreless-Skin-Perfecting-Lightweight-Minimizes%2Fdp%2FB07NSH2B4D%2Fref%3Dsr_1_17_sspa%3Fcrid%3D26GR94VX9FUL6%26keywords%3Dprimer%26qid%3D1668802793%26sprefix%3Dprimer%252Caps%252C227%26sr%3D8-17-spons%26sp_csd%3Dd2lkZ2V0TmFtZT1zcF9tdGY%26psc%3D1,"e.l.f. Poreless Putty Primer, Silky, Skin-Perfecting, Lightweight, Long Lasting, Smooths, Hydrates, Minimizes Pores, Flawless Base, All-Day Wear, Flawless Finish, Ideal for All Skin Types, 0.74 Fl Oz",Sponsored,4.4 out of 5 stars,"40,053",$9.99,"FREE delivery Fri, Nov 25 on $25 of items shipped by AmazonOr fastest delivery Sun, Nov 20|",B07NSH2B4D,https://m.media-amazon.com/images/I/61w0TOSAwLL._AC_UL320_.jpg
2055,https://www.amazon.com/sspa/click?ie=UTF8&spc=MTo4ODc1ODMxNjE2MTA2OTQyOjE2Njg4MDI3OTM6c3BfbXRmOjIwMDA2ODk1MjQzMzE5ODo6MDo6&url=%2FMaybelline-New-York-Instant-Perfector%2Fdp%2FB09RHKK6GF%2Fref%3Dsr_1_18_sspa%3Fcrid%3D26GR94VX9FUL6%26keywords%3Dprimer%26qid%3D1668802793%26sprefix%3Dprimer%252Caps%252C227%26sr%3D8-18-spons%26sp_csd%3Dd2lkZ2V0TmFtZT1zcF9tdGY%26psc%3D1,"Maybelline New York Instant Age Rewind Instant Perfector 4-In-1 Glow Makeup - Primer, Concealer, Highlighter and BB Cream in 1, Fair/Light, 0.68 fl oz",Sponsored,4.0 out of 5 stars,"1,175",$9.98,"FREE delivery Fri, Nov 25 on $25 of items shipped by AmazonOr fastest delivery Sun, Nov 20|",B09RHKK6GF,https://m.media-amazon.com/images/I/61DXSC-7KML._AC_UL320_.jpg
2056,https://www.amazon.com/sspa/click?ie=UTF8&spc=MTo4ODc1ODMxNjE2MTA2OTQyOjE2Njg4MDI3OTM6c3BfbXRmOjIwMDA0MDI1OTcxNDU5ODo6MDo6&url=%2FNYX-Professional-Makeup-Filler-Ounce%2Fdp%2FB007NNU2WI%2Fref%3Dsr_1_19_sspa%3Fcrid%3D26GR94VX9FUL6%26keywords%3Dprimer%26qid%3D1668802793%26sprefix%3Dprimer%252Caps%252C227%26sr%3D8-19-spons%26sp_csd%3Dd2lkZ2V0TmFtZT1zcF9tdGY%26psc%3D1,"NYX PROFESSIONAL MAKEUP Pore Filler Blurring Primer, Vegan Face Primer",Sponsored,4.0 out of 5 stars,"14,603",$14.97,"FREE delivery Sun, Nov 27 on $25 of items shipped by Amazon|",B007NNU2WI,https://m.media-amazon.com/images/I/61L3jd4NqJL._AC_UL320_.jpg
2057,https://www.amazon.com/sspa/click?ie=UTF8&spc=MTo4ODc1ODMxNjE2MTA2OTQyOjE2Njg4MDI3OTM6c3BfbXRmOjIwMDA3NjA0MDE1MTc5ODo6MDo6&url=%2FTouch-Sol-Pore-Primer-fl-oz%2Fdp%2FB00BR3VPLC%2Fref%3Dsr_1_20_sspa%3Fcrid%3D26GR94VX9FUL6%26keywords%3Dprimer%26qid%3D1668802793%26sprefix%3Dprimer%252Caps%252C227%26sr%3D8-20-spons%26sp_csd%3Dd2lkZ2V0TmFtZT1zcF9tdGY%26psc%3D1%26smid%3DA37Q58J7KRPKTI,"TOUCH IN SOL No Pore Blem Primer 1.01 fl.oz - Pore Minimizing, Sebum and Shine Control - Pore Filler Blurring Primer Before Makeup – Hydrates & Smooths Skin – With Collagen and Green Tea Extracts",Sponsored,4.3 out of 5 stars,"11,725",$16.00,"FREE delivery Fri, Nov 25 on $25 of items shipped by AmazonOr fastest delivery Sun, Nov 20|",B00BR3VPLC,https://m.media-amazon.com/images/I/51XR+6gq46L._AC_UL320_.jpg
2058,https://www.amazon.com/Maybelline-Makeup-Instant-Eraser-Primer/dp/B00H56KCUU/ref=sr_1_21?crid=26GR94VX9FUL6&keywords=primer&qid=1668802793&sprefix=primer%2Caps%2C227&sr=8-21,"Maybelline Baby Skin Instant Pore Eraser Primer, Clear, 1 Count",0.67 Fl Oz (Pack of 1),4.4 out of 5 stars,"59,732",$6.98,FREE delivery on $25 shipped by Amazon.,B00H56KCUU,https://m.media-amazon.com/images/I/71W3Bxlk+uL._AC_UL320_.jpg
2059,https://www.amazon.com/Maybelline-New-York-Mattifying-Sunscreen/dp/B091J21GSY/ref=sr_1_22?crid=26GR94VX9FUL6&keywords=primer&qid=1668802793&sprefix=primer%2Caps%2C227&sr=8-22,"Maybelline New York Fit Me Matte + Poreless Mattifying Face Primer Makeup With Sunscreen, Broad Spectrum SPF 20, Clear, 1 Fl Oz",1 Fl Oz (Pack of 1),4.2 out of 5 stars,"3,522",$5.98,FREE delivery on $25 shipped by Amazon.,B091J21GSY,https://m.media-amazon.com/images/I/51-BtuThmQS._AC_UL320_.jpg
2060,https://www.amazon.com/Primer-Shane-Carruth/dp/B00APQDPAQ/ref=sr_1_23?crid=26GR94VX9FUL6&keywords=primer&qid=1668802793&sprefix=primer%2Caps%2C227&sr=8-23,Primer,2004,4.2 out of 5 stars,"2,073",$2.99,,B00APQDPAQ,https://m.media-amazon.com/images/I/91+PPW4R9uL._AC_UL320_.jpg
2061,https://www.amazon.com/l-f-Correcting-Primer-Makeup-Neutralize/dp/B00ACOE03W/ref=sr_1_24?crid=26GR94VX9FUL6&keywords=primer&qid=1668802793&sprefix=primer%2Caps%2C227&sr=8-24,"e.l.f, Tone Adjusting Face Primer - Small, Lightweight, Long Lasting, Silky, Smooth, Neutralizes Uneven Skin Tones and Redness, Preps Skin, Suitable For All Skin Types, 0.47 Oz",0.47 Fl Oz (Pack of 1),4.4 out of 5 stars,"13,790",$6.00,"FREE delivery Fri, Nov 25 on $25 of items shipped by AmazonOr fastest delivery Sun, Nov 20|",B00ACOE03W,https://m.media-amazon.com/images/I/71QOueT6YxL._AC_UL320_.jpg
2062,https://www.amazon.com/Photo-Finish-Foundation-Primer-Smashbox/dp/B005O54SVS/ref=sr_1_25?crid=26GR94VX9FUL6&keywords=primer&qid=1668802793&sprefix=primer%2Caps%2C227&sr=8-25,"Smashbox Photo Finish Foundation Primer for Women, Transparent, , 1 Fl Oz (Pack of 1)",1 Fl Oz (Pack of 1),4.7 out of 5 stars,"1,980",$27.17,"FREE delivery Fri, Nov 25 Or fastest delivery Sun, Nov 20|",B005O54SVS,https://m.media-amazon.com/images/I/61Pf4nE1jSL._AC_UL320_.jpg
2063,https://www.amazon.com/Benefit-Cosmetics-POREfessional-Primer-Minimizer/dp/B01N6MSWUE/ref=sr_1_26?crid=26GR94VX9FUL6&keywords=primer&qid=1668802793&sprefix=primer%2Caps%2C227&sr=8-26,Benefit Cosmetics POREfessional Pro Balm Face Primer Pore Minimizer .75 Ounce,0.75 Ounce (Pack of 1),4.7 out of 5 stars,"3,891",$25.00,"FREE delivery Fri, Nov 25 Or fastest delivery Sun, Nov 20|",B01N6MSWUE,https://m.media-amazon.com/images/I/51g53YuQ2HL._AC_UL320_.jpg
2064,https://www.amazon.com/Covergirl-Business-Primer-Illuminating-Ounce/dp/B07CL1DTCY/ref=sr_1_27?crid=26GR94VX9FUL6&keywords=primer&qid=1668802793&sprefix=primer%2Caps%2C227&sr=8-27,"COVERGIRL Base Business Face Primer, Illuminating 400, 1.0 fl Ounce",1 Fl Oz (Pack of 1),4.4 out of 5 stars,"2,647",$4.89,"FREE delivery Fri, Nov 25 on $25 of items shipped by AmazonOr fastest delivery Sun, Nov 20|",B07CL1DTCY,https://m.media-amazon.com/images/I/618FcjzTHvL._AC_UL320_.jpg
2065,https://www.amazon.com/Concealers-Corrector-Correcting-Brightening-Latorice/dp/B085KV46VN/ref=sr_1_28?crid=26GR94VX9FUL6&keywords=primer&qid=1668802793&sprefix=primer%2Caps%2C227&sr=8-28,"One Step Color Corrector, Isolation Cream, Makeup Primer Skin Tone Correcting and Brightening Primer, Oil Control Moisturizing, Latorice",1.4 Fl Oz (Pack of 1),4.4 out of 5 stars,"3,366",$14.38,"FREE delivery Fri, Nov 25 on $25 of items shipped by AmazonOr fastest delivery Sun, Nov 20|",B085KV46VN,https://m.media-amazon.com/images/I/71YM2mqz98L._AC_UL320_.jpg
2066,https://www.amazon.com/Wet-Wild-Correct-Primer-Crystal/dp/B08RRVQ3B6/ref=sr_1_29?crid=26GR94VX9FUL6&keywords=primer&qid=1668802793&sprefix=primer%2Caps%2C227&sr=8-29,"Wet n Wild Prime Focus Glass Skin Correct Primer Bright Crystal Finish, Green, 0.91 Fl Oz",0.91 Fl Oz (Pack of 1),4.1 out of 5 stars,955,$5.28,"FREE delivery Fri, Nov 25 on $25 of items shipped by AmazonOr fastest delivery Sun, Nov 20|",B08RRVQ3B6,https://m.media-amazon.com/images/I/71+ht3P72FL._AC_UL320_.jpg
2067,https://www.amazon.com/Smashbox-Finish-Primerizer-Primer-Moisturizer/dp/B073K2BNW7/ref=sr_1_30?crid=26GR94VX9FUL6&keywords=primer&qid=1668802793&sprefix=primer%2Caps%2C227&sr=8-30,"Smashbox Photo Finish Primerizer Primer + Moisturizer in One, Plain",1 Fl Oz (Pack of 1),4.6 out of 5 stars,571,$30.12,FREE delivery Nov 23 - 29,B073K2BNW7,https://m.media-amazon.com/images/I/61LlOBUNdBL._AC_UL320_.jpg
2068,https://www.amazon.com/Almay-Perfecting-Comfort-Primer-Sheer/dp/B082JH3NZ2/ref=sr_1_31?crid=26GR94VX9FUL6&keywords=primer&qid=1668802793&rdc=1&sprefix=primer%2Caps%2C227&sr=8-31,"Almay Skin Perfecting Comfort Care Primer, Sheer Pink, 0.94 oz",0.94 Fl Oz (Pack of 1),4.4 out of 5 stars,332,$3.24,FREE delivery on $25 shipped by Amazon.,B082JH3NZ2,https://m.media-amazon.com/images/I/71xn6-w-ZRL._AC_UL320_.jpg
2069,https://www.amazon.com/Black-Radiance-Matte-Poreless-Primer/dp/B08VNCF9Z3/ref=sr_1_32?crid=26GR94VX9FUL6&keywords=primer&qid=1668802793&sprefix=primer%2Caps%2C227&sr=8-32,"Black Radiance Matte & Poreless Face Primer, Matte & Poreless, 0.5 Fl Oz",0.5 Fl Oz (Pack of 1),4.1 out of 5 stars,214,$4.74,"FREE delivery Fri, Nov 25 on $25 of items shipped by AmazonOr fastest delivery Sun, Nov 20|",B08VNCF9Z3,https://m.media-amazon.com/images/I/61YGaWlFubL._AC_UL320_.jpg
2070,https://www.amazon.com/sspa/click?ie=UTF8&spc=MTo4ODc1ODMxNjE2MTA2OTQyOjE2Njg4MDI3OTM6c3BfbXRmOjIwMDA4MjM5OTM3NDQ4MTo6MDo6&url=%2FTOUCH-Pretty-Filter-Sherbet-Primer%2Fdp%2FB08F4YS4H6%2Fref%3Dsr_1_33_sspa%3Fcrid%3D26GR94VX9FUL6%26keywords%3Dprimer%26qid%3D1668802793%26sprefix%3Dprimer%252Caps%252C227%26sr%3D8-33-spons%26sp_csd%3Dd2lkZ2V0TmFtZT1zcF9tdGY%26psc%3D1,TOUCH IN SOL Primer Face Makeup 1.05 fl. oz. - Icy Sherbet Primer of Hydrating Foundation for Dry or Oily Skin with Silk Pore and Wrinkle Minimizer - Silicone and Oil Free Gel Formula with Cooling Effect,Sponsored,4.2 out of 5 stars,"1,273",$19.99,"FREE delivery Fri, Nov 25 on $25 of items shipped by AmazonOr fastest delivery Sun, Nov 20|",B08F4YS4H6,https://m.media-amazon.com/images/I/51BK8RxtZPL._AC_UL320_.jpg
2071,https://www.amazon.com/sspa/click?ie=UTF8&spc=MTo4ODc1ODMxNjE2MTA2OTQyOjE2Njg4MDI3OTM6c3BfbXRmOjIwMDA2NjUxNTEwMDQ5ODo6MDo6&url=%2Fl-f-Gel-Based-Hydrating-Smoothing-Moisturizes%2Fdp%2FB09XMYFTB7%2Fref%3Dsr_1_34_sspa%3Fcrid%3D26GR94VX9FUL6%26keywords%3Dprimer%26qid%3D1668802793%26sprefix%3Dprimer%252Caps%252C227%26sr%3D8-34-spons%26sp_csd%3Dd2lkZ2V0TmFtZT1zcF9tdGY%26psc%3D1,"e.l.f. Power Grip Primer, Gel-Based & Hydrating Face Primer For Smoothing Skin & Gripping Makeup, Moisturizes & Primes, 0.811 Fl Oz (24 ml)",Sponsored,4.6 out of 5 stars,"2,622",$8.11,FREE delivery on $25 shipped by Amazon.,B09XMYFTB7,https://m.media-amazon.com/images/I/613GTNTh3PL._AC_UL320_.jpg
2072,https://www.amazon.com/sspa/click?ie=UTF8&spc=MTo4ODc1ODMxNjE2MTA2OTQyOjE2Njg4MDI3OTM6c3BfbXRmOjIwMDA4ODk2MjE0ODQ5ODo6MDo6&url=%2FMurad-Invisiblur-Perfecting-Shield-Spectrum%2Fdp%2FB07PBDNJP3%2Fref%3Dsr_1_35_sspa%3Fcrid%3D26GR94VX9FUL6%26keywords%3Dprimer%26qid%3D1668802793%26sprefix%3Dprimer%252Caps%252C227%26sr%3D8-35-spons%26sp_csd%3Dd2lkZ2V0TmFtZT1zcF9tdGY%26psc%3D1,"Murad Skin Primer for Face - Hydration Invisiblur Perfecting Shield Blurs, Primes and Protects for Long Lasting Makeup Wear - SPF 30 Skin Treatment Backed by Science",Sponsored,4.7 out of 5 stars,480,$68.00,"FREE delivery Fri, Nov 25 Or fastest delivery Sun, Nov 20|",B07PBDNJP3,https://m.media-amazon.com/images/I/71hO9DVIl6L._AC_UL320_.jpg
2073,https://www.amazon.com/sspa/click?ie=UTF8&spc=MTo4ODc1ODMxNjE2MTA2OTQyOjE2Njg4MDI3OTM6c3BfbXRmOjIwMDA3NjQ5OTQ3MDI1MTo6MDo6&url=%2FEmbryolisse-Lait-Cr%25C3%25A8me-Concentr%25C3%25A9-Makeup-Primer%2Fdp%2FB004KELK4C%2Fref%3Dsr_1_36_sspa%3Fcrid%3D26GR94VX9FUL6%26keywords%3Dprimer%26qid%3D1668802793%26sprefix%3Dprimer%252Caps%252C227%26sr%3D8-36-spons%26sp_csd%3Dd2lkZ2V0TmFtZT1zcF9tdGY%26psc%3D1,"Embryolisse Lait-Crème Concentré, Face Cream & Makeup Primer - Shea Moisture Cream for Daily Skincare - Face Moisturizers for All Skin Types",Sponsored,4.6 out of 5 stars,"18,097",$16.00,"FREE delivery Fri, Nov 25 on $25 of items shipped by AmazonOr fastest delivery Sun, Nov 20|",B004KELK4C,https://m.media-amazon.com/images/I/71JwA3eWhsS._AC_UL320_.jpg
2074,https://www.amazon.com/l-f-Poreless-Face-Primer-Ounces/dp/B00JZ4V6V4/ref=sr_1_37?crid=26GR94VX9FUL6&keywords=primer&qid=1668802793&sprefix=primer%2Caps%2C227&sr=8-37,"e.l.f. Poreless Face Primer, Restoring Makeup Primer For A Flawless, Smooth Canvas, Infused With Tea Tree & Vitamin A, Vegan & Cruelty-Free, .47 Oz",0.47 Fl Oz (Pack of 1),4.5 out of 5 stars,"7,136",$7.00,FREE delivery on $25 shipped by Amazon.,B00JZ4V6V4,https://m.media-amazon.com/images/I/51D8D-OzsgL._AC_UL320_.jpg
2075,https://www.amazon.com/Isolation-Foundation-Moisturizers-Anti-Oxidation-Anti-Aging/dp/B09PNGVT27/ref=sr_1_38?crid=26GR94VX9FUL6&keywords=primer&qid=1668802793&sprefix=primer%2Caps%2C227&sr=8-38,"Hunmui Face Primer Pore Base Gel Cream, Isolation Concealer Cream, Isolating Pore Foundation Primer Face Firming Moisturizers for invisible Pore, Cover Acne, Anti-Oxidation, Anti-Aging Wrinkles (1 pcs)",0.3 Fl Oz (Pack of 1),3.0 out of 5 stars,125,$4.98,"FREE delivery Fri, Nov 25 on $25 of items shipped by AmazonOr fastest delivery Mon, Nov 21|",B09PNGVT27,https://m.media-amazon.com/images/I/51+EImL1xtL._AC_UL320_.jpg
2076,https://www.amazon.com/NYX-PROFESSIONAL-MAKEUP-Marshmellow-Smoothing/dp/B08MRHLJ53/ref=sr_1_39?crid=26GR94VX9FUL6&keywords=primer&qid=1668802793&sprefix=primer%2Caps%2C227&sr=8-39,"NYX PROFESSIONAL MAKEUP Marshmellow Smoothing Primer, Vegan Face Primer, 10-In-1 Skin Benefits",1.01 Ounce (Pack of 1),4.4 out of 5 stars,"5,897",$12.00,FREE delivery Nov 28 - 29,B08MRHLJ53,https://m.media-amazon.com/images/I/71vKum0NgQL._AC_UL320_.jpg
2077,https://www.amazon.com/Paris-Secrets-Professional-Perfecting-Package/dp/B002PBLH3Q/ref=sr_1_40?crid=26GR94VX9FUL6&keywords=primer&qid=1668802793&sprefix=primer%2Caps%2C227&sr=8-40,"L'Oreal Paris Magic Perfecting Base Face Primer, 0.5 FL (oz)",0.5 Fl Oz (Pack of 1),4.2 out of 5 stars,"8,920",$10.42,"FREE delivery Fri, Nov 25 on $25 of items shipped by AmazonOr fastest delivery Sun, Nov 20|",B002PBLH3Q,https://m.media-amazon.com/images/I/71aaN6pK+7L._AC_UL320_.jpg
2078,https://www.amazon.com/Neutrogena-Hydrating-Moisturizing-Hyaluronic-Instantly/dp/B0814SFKG9/ref=sr_1_41?crid=26GR94VX9FUL6&keywords=primer&qid=1668802793&sprefix=primer%2Caps%2C227&sr=8-41,"Neutrogena Hydro Boost Glow Booster Primer & Serum, Hydrating & Moisturizing Face Serum-to-Primer Hybrid, Infused with Purified Hyaluronic Acid & Designed to Instantly Hydrate, 1.0 fl. oz",1 Fl Oz (Pack of 1),4.4 out of 5 stars,"1,868",$15.99,"FREE delivery Wed, Nov 23",B0814SFKG9,https://m.media-amazon.com/images/I/71GA8CT8-FL._AC_UL320_.jpg
2079,https://www.amazon.com/Photo-Focus-Primer-Partners-1114753/dp/B09NXDTFTQ/ref=sr_1_42?crid=26GR94VX9FUL6&keywords=primer&qid=1668802793&sprefix=primer%2Caps%2C227&sr=8-42,Face Primer By Wet n Wild Photo Focus Matte Face Primer Clear Partners in Prime,1 Fl Oz (Pack of 1),4.1 out of 5 stars,252,$5.28,"FREE delivery Fri, Nov 25 on $25 of items shipped by AmazonOr fastest delivery Sun, Nov 20|",B09NXDTFTQ,https://m.media-amazon.com/images/I/61Zh9KtY8FL._AC_UL320_.jpg
2080,https://www.amazon.com/Prime-Focus-Primer-Serum-Ounces/dp/B082YQ5Y23/ref=sr_1_43?crid=26GR94VX9FUL6&keywords=primer&qid=1668802793&sprefix=primer%2Caps%2C227&sr=8-43,"wet n wild Prime Focus Primer Serum for Face, Hydrating for Dry Skin, Makeup Primer Serum",1.06 Fl Oz (Pack of 1),4.3 out of 5 stars,"2,806",$6.99,"FREE delivery Fri, Nov 25 on $25 of items shipped by AmazonOr fastest delivery Sun, Nov 20|",B082YQ5Y23,https://m.media-amazon.com/images/I/71t2dPDtBuL._AC_UL320_.jpg
2081,https://www.amazon.com/smashbox-Finish-Primer-Original-Smooth/dp/B01CKJP13Y/ref=sr_1_44?crid=26GR94VX9FUL6&keywords=primer&qid=1668802793&sprefix=primer%2Caps%2C227&sr=8-44,"Smashbox The Original Photo Finish Smooth & Blur Primer, Plain, 1 Fl Oz (Pack of 1) (675981)",1 Fl Oz (Pack of 1),4.7 out of 5 stars,"2,496",$26.31,"FREE delivery Fri, Nov 25 Or fastest delivery Sun, Nov 20|",B01CKJP13Y,https://m.media-amazon.com/images/I/51wiPh-ihdL._AC_UL320_.jpg
2082,https://www.amazon.com/Milani-Setting-Spray-Prime-Correct/dp/B01N9KIKZA/ref=sr_1_45?crid=26GR94VX9FUL6&keywords=primer&qid=1668802793&sprefix=primer%2Caps%2C227&sr=8-45,Milani Make It Last 3-in-1 Setting Spray and Primer- Prime + Correct + Set (2.03 Fl. Oz.) Makeup Finishing Spray and Primer - Long Lasting Makeup Primer and Spray,2.03 Fl Oz (Pack of 1),4.5 out of 5 stars,"33,772",,"Small Business|Small Business|Small Business|<img alt="""" src=""https://m.media-amazon.com/images/I/111mHoVK0kL._SS200_.png"" height=""50px"" width=""50px""/>  Small Business|<img alt="""" src=""https://m.media-amazon.com/images/I/111mHoVK0kL._SS200_.png"" height=""50px"" width=""50px""/>  Small Business",B01N9KIKZA,https://m.media-amazon.com/images/I/61ChSNnpCCL._AC_UL320_.jpg|https://m.media-amazon.com/images/I/111mHoVK0kL._SS200_.png|
2083,https://www.amazon.com/NYX-Studio-Perfect-Primer-Green/dp/B004JRU4YW/ref=sr_1_46?crid=26GR94VX9FUL6&keywords=primer&qid=1668802793&sprefix=primer%2Caps%2C227&sr=8-46,"NYX PROFESSIONAL MAKEUP Studio Perfect Primer, Vegan Face Primer - Green (Color-Correcting)",1.01 Fl Oz (Pack of 1),4.4 out of 5 stars,"13,885",$11.00,FREE delivery Nov 28 - 29,B004JRU4YW,https://m.media-amazon.com/images/I/51CKk8dwyuL._AC_UL320_.jpg
2084,https://www.amazon.com/NYX-Prime-Refresh-Spray-Ounce/dp/B07SB2LG6S/ref=sr_1_47?crid=26GR94VX9FUL6&keywords=primer&qid=1668802793&sprefix=primer%2Caps%2C227&sr=8-47,NYX PROFESSIONAL MAKEUP Bare With Me Multitasking Primer & Setting Spray,4.39 Fl Oz (Pack of 1),4.5 out of 5 stars,"2,378",$9.47,"FREE delivery Fri, Nov 25 on $25 of items shipped by AmazonOr fastest delivery Sun, Nov 20|",B07SB2LG6S,https://m.media-amazon.com/images/I/61c5qo76ATL._AC_UL320_.jpg
2085,https://www.amazon.com/Embryolisse-Lait-Cr%C3%A8me-Concentr%C3%A9-Makeup-Primer/dp/B004KELK4C/ref=sr_1_48?crid=26GR94VX9FUL6&keywords=primer&qid=1668802793&sprefix=primer%2Caps%2C227&sr=8-48,"Embryolisse Lait-Crème Concentré, Face Cream & Makeup Primer - Shea Moisture Cream for Daily Skincare - Face Moisturizers for All Skin Types",1.01 Fl Oz (Pack of 1),4.6 out of 5 stars,"18,097",$16.00,"FREE delivery Fri, Nov 25 on $25 of items shipped by AmazonOr fastest delivery Sun, Nov 20|",B004KELK4C,https://m.media-amazon.com/images/I/71JwA3eWhsS._AC_UL320_.jpg
2086,https://www.amazon.com/bareMinerals-Prime-Brightening-Foundation-Primer/dp/B01F7OB6DS/ref=sr_1_49?crid=26GR94VX9FUL6&keywords=primer&qid=1668802793&sprefix=primer%2Caps%2C227&sr=8-49,"bareMinerals Prime Time Brightening Foundation Primer for Face, Clean, 1 Fl Oz",1 Fl Oz (Pack of 1),4.6 out of 5 stars,488,$20.28,"FREE delivery Fri, Nov 25 on $25 of items shipped by AmazonOr fastest delivery Sun, Nov 20|",B01F7OB6DS,https://m.media-amazon.com/images/I/11B8gnS9HiL._AC_UL320_.jpg
2087,https://www.amazon.com/Wet-Wild-Impossible-Primer-Hydrating/dp/B08RRZ1B6G/ref=sr_1_50?crid=26GR94VX9FUL6&keywords=primer&qid=1668802793&sprefix=primer%2Caps%2C227&sr=8-50,"Wet n Wild Prime Focus Impossible Primer Hydrating Matte Finish, Clear, 0.84 Fl Oz",0.84 Fl Oz (Pack of 1),4.3 out of 5 stars,"2,255",$6.38,"FREE delivery Fri, Nov 25 on $25 of items shipped by AmazonOr fastest delivery Sun, Nov 20|",B08RRZ1B6G,https://m.media-amazon.com/images/I/61TR4FzBeFL._AC_UL320_.jpg
2088,https://www.amazon.com/l-f-Blemish-Control-Face-Primer/dp/B079RJSBW2/ref=sr_1_51?crid=26GR94VX9FUL6&keywords=primer&qid=1668802793&sprefix=primer%2Caps%2C227&sr=8-51,"e.l.f, Blemish Control Face Primer - Large, Long Lasting, Skin Perfecting, Controls Breakouts and Blemishes, Matte Finish, Infused with Salicylic Acid, Vitamin E & Tea Tree, 1.01 fl Oz",1.01 Fl Oz (Pack of 1),4.5 out of 5 stars,"1,787",$9.72,"FREE delivery Fri, Nov 25 on $25 of items shipped by AmazonOr fastest delivery Sun, Nov 20|",B079RJSBW2,https://m.media-amazon.com/images/I/51M5gWbjnlL._AC_UL320_.jpg
2089,https://www.amazon.com/CoverGirl-Simply-Ageless-Primer-1-Ounce/dp/B003FKSVMG/ref=sr_1_52?crid=26GR94VX9FUL6&keywords=primer&qid=1668802793&sprefix=primer%2Caps%2C227&sr=8-52,"COVERGIRL Simply Ageless Makeup Primer, 1 Fl Oz, Pack of 1",1 Fl Oz (Pack of 1),4.5 out of 5 stars,"36,912",$13.97,"FREE delivery Fri, Nov 25 on $25 of items shipped by AmazonOr fastest delivery Tue, Nov 22|",B003FKSVMG,https://m.media-amazon.com/images/I/61A64GYrq8S._AC_UL320_.jpg
2090,https://www.amazon.com/l-f-Cosmetics-Mineral-Infused-Primer/dp/B07BCC3NN9/ref=sr_1_53?crid=26GR94VX9FUL6&keywords=primer&qid=1668802793&sprefix=primer%2Caps%2C227&sr=8-53,"e.l.f. Mineral Infused Face Primer, Matte Finish, 1.01 Fl Oz",1.01 Fl Oz (Pack of 1),4.7 out of 5 stars,"1,333",$10.00,FREE delivery on $25 shipped by Amazon.,B07BCC3NN9,https://m.media-amazon.com/images/I/61tL0JcPFDL._AC_UL320_.jpg
2091,https://www.amazon.com/Touch-Sol-Pore-Primer-fl-oz/dp/B00BR3VPLC/ref=sr_1_54?crid=26GR94VX9FUL6&keywords=primer&qid=1668802793&sprefix=primer%2Caps%2C227&sr=8-54,"TOUCH IN SOL No Pore Blem Primer 1.01 fl.oz - Pore Minimizing, Sebum and Shine Control - Pore Filler Blurring Primer Before Makeup – Hydrates & Smooths Skin – With Collagen and Green Tea Extracts",1 Fl Oz (Pack of 1),4.3 out of 5 stars,"11,725",$16.00,"FREE delivery Fri, Nov 25 on $25 of items shipped by AmazonOr fastest delivery Sun, Nov 20|",B00BR3VPLC,https://m.media-amazon.com/images/I/51XR+6gq46L._AC_UL320_.jpg
2092,https://www.amazon.com/Too-Faced-Hangover-Replenishing-Primer/dp/B00MGTK28S/ref=sr_1_55?crid=26GR94VX9FUL6&keywords=primer&qid=1668802793&sprefix=primer%2Caps%2C227&sr=8-55,Too Faced Hangover Replenishing Face Primer 1.35 oz,1.35 Fl Oz (Pack of 1),4.6 out of 5 stars,713,$18.16,"FREE delivery Fri, Nov 25 on $25 of items shipped by AmazonOr fastest delivery Sun, Nov 20|",B00MGTK28S,https://m.media-amazon.com/images/I/51ptle6jYgL._AC_UL320_.jpg
2093,https://www.amazon.com/Hydrating-Smoothing-Isolated-Moisturizing-Foundation/dp/B07WFGCTLM/ref=sr_1_56?crid=26GR94VX9FUL6&keywords=primer&qid=1668802793&sprefix=primer%2Caps%2C227&sr=8-56,"2Pcs Pro Makeup Primer, Long Lasting Hydrating Smoothing Isolated Moisturizing Oil Free Effect Make Up Base Matte Face Foundation Primer",0.2 Fl Oz (Pack of 2),4.3 out of 5 stars,"2,168",$8.39,"FREE delivery Fri, Nov 25 on $25 of items shipped by AmazonOr fastest delivery Sun, Nov 20|",B07WFGCTLM,https://m.media-amazon.com/images/I/519hcE8NrlL._AC_UL320_.jpg
2094,https://www.amazon.com/First-Aid-Beauty-Hyaluronic-Hydrating/dp/B085YC9K6N/ref=sr_1_57_mod_primary_new?crid=26GR94VX9FUL6&keywords=primer&qid=1668802793&sbo=RZvfv%2F%2FHxDF%2BO5021pAnSA%3D%3D&sprefix=primer%2Caps%2C227&sr=8-57,First Aid Beauty Ultra Repair Hyaluronic Hydrating Primer: Vegan Primer to Brighten and Hydrate Skin (1.7 oz),1.7 Fl Oz (Pack of 1),4.8 out of 5 stars,207|Another way to buy|$24.50$24.50 ($14.41/Fl Oz)|$24.50$24.50 ($14.41/Fl Oz)|($14.41/Fl Oz)|FREE delivery on $25 shipped by Amazon.,$22.64,"FREE delivery Nov 23 - 29 Or fastest delivery Nov 22 - 23|Small Business|Small Business|Small Business|<img alt="""" src=""https://m.media-amazon.com/images/I/111mHoVK0kL._SS200_.png"" height=""50px"" width=""50px""/>  Small Business|<img alt="""" src=""https://m.media-amazon.com/images/I/111mHoVK0kL._SS200_.png"" height=""50px"" width=""50px""/>  Small Business|FREE delivery on $25 shipped by Amazon.",B085YC9K6N,https://m.media-amazon.com/images/I/51Tj4NO-07L._AC_UL320_.jpg|https://m.media-amazon.com/images/I/111mHoVK0kL._SS200_.png|
2095,https://www.amazon.com/TULA-Probiotic-Supersize-Moisturizing-Appearance/dp/B087SJ8YXJ/ref=sr_1_58?crid=26GR94VX9FUL6&keywords=primer&qid=1668802793&sprefix=primer%2Caps%2C227&sr=8-58,"TULA Skin Care Supersize Face Filter Blurring and Moisturizing Primer | Smoothing Face Primer, Evens the Appearance of Skin Tone & Redness, Hydrates & Improves Makeup Wear | 2.02 fl. oz.",2.02 Fl Oz (Pack of 1),4.5 out of 5 stars,"3,602",$54.00,"FREE delivery Fri, Nov 25 Or fastest delivery Sun, Nov 20||Small Business|Small Business|Small Business|<img alt="""" src=""https://m.media-amazon.com/images/I/111mHoVK0kL._SS200_.png"" height=""50px"" width=""50px""/>  Small Business|<img alt="""" src=""https://m.media-amazon.com/images/I/111mHoVK0kL._SS200_.png"" height=""50px"" width=""50px""/>  Small Business",B087SJ8YXJ,https://m.media-amazon.com/images/I/51IHLJLz-jL._AC_UL320_.jpg|https://m.media-amazon.com/images/I/111mHoVK0kL._SS200_.png|
2096,https://www.amazon.com/Urban-Nighter-Longwear-Primer-Travel/dp/B08FBH945J/ref=sr_1_59?crid=26GR94VX9FUL6&keywords=primer&qid=1668802793&sprefix=primer%2Caps%2C227&sr=8-59,"Urban Decay All Nighter Longwear Face Primer, Travel Size - Lightweight, Long-Lasting Formula - Grips Foundation in Place, Smooths & Hydrates Skin - 0.28 fl oz",0.28 Fl Oz (Pack of 1),4.3 out of 5 stars,334,$16.00,"FREE delivery Fri, Nov 25 on $25 of items shipped by AmazonOr fastest delivery Sun, Nov 20|",B08FBH945J,https://m.media-amazon.com/images/I/7169A+84eRL._AC_UL320_.jpg
2097,https://www.amazon.com/NYX-PROFESSIONAL-MAKEUP-Targeted-Blurring/dp/B0924XXXJR/ref=sr_1_60?crid=26GR94VX9FUL6&keywords=primer&qid=1668802793&sprefix=primer%2Caps%2C227&sr=8-60,"NYX PROFESSIONAL MAKEUP Pore Filler Targeted Primer Stick, Blurring Primer",0.1 Ounce (Pack of 1),4.0 out of 5 stars,"14,603",$9.99,"FREE delivery Fri, Nov 25 on $25 of items shipped by AmazonOr fastest delivery Sun, Nov 20|",B0924XXXJR,https://m.media-amazon.com/images/I/610ZJT0udRS._AC_UL320_.jpg
2098,https://aax-us-iad.amazon.com/x/c/RASNv4iZwZ0e38-l-9hZBIQAAAGEjGXObgEAAAH2AQBOL0EgICAgICAgICAgICBOL0EgICAgICAgICAgICC9HCgp/https://www.amazon.com/dp/B08MRHLJ53?pd_rd_i=B08MRHLJ53&pf_rd_p=55defc4a-7c1e-47a7-8d1d-5cc458cca688&pf_rd_r=H1JYYFTHGYRWKKKNYZ22&pd_rd_wg=HQ9JF&pd_rd_w=b6R92&pd_rd_r=09239583-7c79-49ab-8662-2ff4658f09b8,"NYX PROFESSIONAL MAKEUP Marshmellow Smoothing Primer, Vegan Face Primer, 10-In-1 Skin Benefits",Sponsored,4.4 out of 5 stars,"5,897",$12.00,FREE delivery Nov 28 - 29,,
2106,https://www.amazon.com/sspa/click?ie=UTF8&spc=MTo4OTc5Mzc5OTExOTg5NzM5OjE2Njg2MjU3NDA6c3BfYXRmOjIwMDEwNjIwMTQ3MzYzMTo6MDo6&url=%2FAlmay-Enhancing-Longlasting-Antioxidant-Hypoallergenic%2Fdp%2FB08MRRNL17%2Fref%3Dsr_1_1_sspa%3Fcrid%3D1QJ2Z0KOR688P%26keywords%3Deyeshadow%26qid%3D1668625740%26sprefix%3Deyeshadow%252Caps%252C92%26sr%3D8-1-spons%26sp_csd%3Dd2lkZ2V0TmFtZT1zcF9hdGY%26psc%3D1,"Eyeshadow Palette by Almay, Longlasting Eye Makeup, Primer Enriched with Antioxidant Vitamin E, Hypoallergenic, 010 Brown Eyes, 0.1 Oz",Sponsored,4.4 out of 5 stars,"1,194",$8.31,FREE delivery Nov 21 - 25 Or fastest delivery Nov 18 - 22,B08MRRNL17,https://m.media-amazon.com/images/I/91OkoilEQZL._AC_UL320_.jpg
2107,https://www.amazon.com/sspa/click?ie=UTF8&spc=MTo4OTc5Mzc5OTExOTg5NzM5OjE2Njg2MjU3NDA6c3BfYXRmOjIwMDA2NDc4MjYwMjU5ODo6MDo6&url=%2FMaybelline-New-York-Eyeshadow-Palette%2Fdp%2FB09VCXWCGB%2Fref%3Dsr_1_2_sspa%3Fcrid%3D1QJ2Z0KOR688P%26keywords%3Deyeshadow%26qid%3D1668625740%26sprefix%3Deyeshadow%252Caps%252C92%26sr%3D8-2-spons%26sp_csd%3Dd2lkZ2V0TmFtZT1zcF9hdGY%26psc%3D1,"Maybelline New York Shadow Blocks Shadow Blocks Eyeshadow Palette, Stacked Eye Shadow Trio, 82nd & Park Ave, 0.08 oz",Sponsored,4.1 out of 5 stars,255,$9.98,FREE delivery on $25 shipped by Amazon.,B09VCXWCGB,https://m.media-amazon.com/images/I/81ykvsLFs1L._AC_UL320_.jpg
2108,https://www.amazon.com/L-Girl-Beauty-Eyeshadow/dp/B00PGQYEUK/ref=sr_1_3?crid=1QJ2Z0KOR688P&keywords=eyeshadow&qid=1668625740&sprefix=eyeshadow%2Caps%2C92&sr=8-3,"L.A. Girl Beauty Brick Eyeshadow, Nudes, 0.42 Ounce",0.42 Ounce (Pack of 1),4.5 out of 5 stars,"23,586",$7.95,"FREE delivery Tue, Nov 22 on $25 of items shipped by AmazonOr fastest delivery Fri, Nov 18|",B00PGQYEUK,https://m.media-amazon.com/images/I/710Rr3-wxlL._AC_UL320_.jpg
2109,https://www.amazon.com/CHANGEABLE-Eyeshadow-Highlight-Waterproof-Makeup/dp/B07MQJRK7N/ref=sr_1_4?crid=1QJ2Z0KOR688P&keywords=eyeshadow&qid=1668625740&sprefix=eyeshadow%2Caps%2C92&sr=8-4,"Highly Pigmented Eye Makeup Palette , Matte Shimmer Metallic Eyeshadow Pallet Long Lasting Blendable Natural Colors Make Up Eye Shadows Cosmetics Gift Kit",1.41 Ounce (Pack of 1),4.5 out of 5 stars,"17,633",$9.99,"FREE delivery Tue, Nov 22 on $25 of items shipped by AmazonOr fastest delivery Fri, Nov 18|",B07MQJRK7N,https://m.media-amazon.com/images/I/61xltyg8i9L._AC_UL320_.jpg
2110,https://www.amazon.com/Naked2-Basics-Eyeshadow-Palette-Neutral/dp/B07LBLK57Q/ref=sr_1_5?crid=1QJ2Z0KOR688P&keywords=eyeshadow&qid=1668625740&sprefix=eyeshadow%2Caps%2C92&sr=8-5,"Urban Decay Naked2 Basics Eyeshadow Palette, 6 Taupe & Brown Matte Neutral Shades - Ultra-Blendable, Rich Colors with Velvety Texture - Makeup Set Includes Mirror & Full-Size Pans - Great for Travel",1 Count (Pack of 1),4.6 out of 5 stars,"6,240",$29.00,"FREE delivery Tue, Nov 22 Or fastest delivery Fri, Nov 18|",B07LBLK57Q,https://m.media-amazon.com/images/I/81yqc88khES._AC_UL320_.jpg
2111,https://www.amazon.com/Almay-Enhancing-Longlasting-Antioxidant-Hypoallergenic/dp/B08MRRNL17/ref=sxin_13_pa_sp_search_thematic_mod_primary_new?content-id=amzn1.sym.4e7a2229-074e-44de-95c4-9fd858f46295%3Aamzn1.sym.4e7a2229-074e-44de-95c4-9fd858f46295&crid=1QJ2Z0KOR688P&cv_ct_cx=eyeshadow&keywords=eyeshadow&pd_rd_i=B08MRRNL17&pd_rd_r=081c5608-9884-4615-a068-e8040d6e2b04&pd_rd_w=jWHJZ&pd_rd_wg=0TwJC&pf_rd_p=4e7a2229-074e-44de-95c4-9fd858f46295&pf_rd_r=ME1NVC79G6ZH41G7BNA7&qid=1668625740&sbo=RZvfv%2F%2FHxDF%2BO5021pAnSA%3D%3D&sprefix=eyeshadow%2Caps%2C92&sr=1-1-a73d1c8c-2fd2-4f19-aa41-2df022bcb241,"Eyeshadow Palette by Almay, Longlasting Eye Makeup, Primer Enriched with Antioxidant Vitamin E, Hypoallergenic, 010 Brown Eyes, 0.1 Oz",1 Count (Pack of 1),4.4 out of 5 stars|4.3 out of 5 stars|4.4 out of 5 stars|4.0 out of 5 stars|4.4 out of 5 stars,"1,194|31,707|2,674|12,257|824",$8.31,"Small Business|Small Business|Small Business|<img alt="""" src=""https://m.media-amazon.com/images/I/111mHoVK0kL._SS200_.png"" height=""50px"" width=""50px""/>  Small Business|<img alt="""" src=""https://m.media-amazon.com/images/I/111mHoVK0kL._SS200_.png"" height=""50px"" width=""50px""/>  Small Business|Small Business|Small Business|Small Business|<img alt="""" src=""https://m.media-amazon.com/images/I/111mHoVK0kL._SS200_.png"" height=""50px"" width=""50px""/>  Small Business|<img alt="""" src=""https://m.media-amazon.com/images/I/111mHoVK0kL._SS200_.png"" height=""50px"" width=""50px""/>  Small Business",,https://m.media-amazon.com/images/I/91OkoilEQZL._AC_UL320_.jpg|https://m.media-amazon.com/images/I/81kFovrJg4L._AC_UL320_.jpg|https://m.media-amazon.com/images/I/111mHoVK0kL._SS200_.png||https://m.media-amazon.com/images/I/91sH+7AjQTL._AC_UL320_.jpg|https://m.media-amazon.com/images/I/111mHoVK0kL._SS200_.png||https://m.media-amazon.com/images/I/715rFluzj0L._AC_UL320_.jpg|https://m.media-amazon.com/images/I/61xg9Br2tfL._AC_UL320_.jpg
2112,https://www.amazon.com/Almay-Enhancing-Longlasting-Antioxidant-Hypoallergenic/dp/B08MRRNL17/ref=sxin_13_pa_sp_search_thematic_mod_primary_new?content-id=amzn1.sym.4e7a2229-074e-44de-95c4-9fd858f46295%3Aamzn1.sym.4e7a2229-074e-44de-95c4-9fd858f46295&crid=1QJ2Z0KOR688P&cv_ct_cx=eyeshadow&keywords=eyeshadow&pd_rd_i=B08MRRNL17&pd_rd_r=081c5608-9884-4615-a068-e8040d6e2b04&pd_rd_w=jWHJZ&pd_rd_wg=0TwJC&pf_rd_p=4e7a2229-074e-44de-95c4-9fd858f46295&pf_rd_r=ME1NVC79G6ZH41G7BNA7&qid=1668625740&sbo=RZvfv%2F%2FHxDF%2BO5021pAnSA%3D%3D&sprefix=eyeshadow%2Caps%2C92&sr=1-1-a73d1c8c-2fd2-4f19-aa41-2df022bcb241,"Eyeshadow Palette by Almay, Longlasting Eye Makeup, Primer Enriched with Antioxidant Vitamin E, Hypoallergenic, 010 Brown Eyes, 0.1 Oz",1 Count (Pack of 1),4.4 out of 5 stars,"1,194",$8.31,,B08MRRNL17,https://m.media-amazon.com/images/I/91OkoilEQZL._AC_UL320_.jpg
2113,https://www.amazon.com/sspa/click?ie=UTF8&spc=MTo0MTkwNDk1ODY1OTQyNTUzOjE2Njg2MjU3NDA6c3Bfc2VhcmNoX3RoZW1hdGljOjIwMDA2OTY4NDAxMjYzMTo6MTo6&url=%2FJulep-Eyeshadow-Powder-Waterproof-Amethyst%2Fdp%2FB088ZYMQSJ%2Fref%3Dsxin_13_pa_sp_search_thematic_sspa%3Fcontent-id%3Damzn1.sym.4e7a2229-074e-44de-95c4-9fd858f46295%253Aamzn1.sym.4e7a2229-074e-44de-95c4-9fd858f46295%26crid%3D1QJ2Z0KOR688P%26cv_ct_cx%3Deyeshadow%26keywords%3Deyeshadow%26pd_rd_i%3DB088ZYMQSJ%26pd_rd_r%3D081c5608-9884-4615-a068-e8040d6e2b04%26pd_rd_w%3DjWHJZ%26pd_rd_wg%3D0TwJC%26pf_rd_p%3D4e7a2229-074e-44de-95c4-9fd858f46295%26pf_rd_r%3DME1NVC79G6ZH41G7BNA7%26qid%3D1668625740%26sprefix%3Deyeshadow%252Caps%252C92%26sr%3D1-2-a73d1c8c-2fd2-4f19-aa41-2df022bcb241-spons%26sp_csd%3Dd2lkZ2V0TmFtZT1zcF9zZWFyY2hfdGhlbWF0aWM%26psc%3D1%26smid%3DA1LHJFDVRQU851,"Julep Eyeshadow 101 Crème to Powder Waterproof Eyeshadow Stick, Smoky Amethyst",1 Count (Pack of 1),4.3 out of 5 stars,"31,707",$16.00,"Small Business|Small Business|Small Business|<img alt="""" src=""https://m.media-amazon.com/images/I/111mHoVK0kL._SS200_.png"" height=""50px"" width=""50px""/>  Small Business|<img alt="""" src=""https://m.media-amazon.com/images/I/111mHoVK0kL._SS200_.png"" height=""50px"" width=""50px""/>  Small Business",B088ZYMQSJ,https://m.media-amazon.com/images/I/81kFovrJg4L._AC_UL320_.jpg|https://m.media-amazon.com/images/I/111mHoVK0kL._SS200_.png|
2114,https://www.amazon.com/sspa/click?ie=UTF8&spc=MTo0MTkwNDk1ODY1OTQyNTUzOjE2Njg2MjU3NDA6c3Bfc2VhcmNoX3RoZW1hdGljOjIwMDA4NDUzNjcyNDczMTo6Mjo6&url=%2FJulep-Eyeshadow-Powder-Waterproof-Shimmer%2Fdp%2FB097HP5ZMZ%2Fref%3Dsxin_13_pa_sp_search_thematic_sspa%3Fcontent-id%3Damzn1.sym.4e7a2229-074e-44de-95c4-9fd858f46295%253Aamzn1.sym.4e7a2229-074e-44de-95c4-9fd858f46295%26crid%3D1QJ2Z0KOR688P%26cv_ct_cx%3Deyeshadow%26keywords%3Deyeshadow%26pd_rd_i%3DB097HP5ZMZ%26pd_rd_r%3D081c5608-9884-4615-a068-e8040d6e2b04%26pd_rd_w%3DjWHJZ%26pd_rd_wg%3D0TwJC%26pf_rd_p%3D4e7a2229-074e-44de-95c4-9fd858f46295%26pf_rd_r%3DME1NVC79G6ZH41G7BNA7%26qid%3D1668625740%26sprefix%3Deyeshadow%252Caps%252C92%26sr%3D1-3-a73d1c8c-2fd2-4f19-aa41-2df022bcb241-spons%26sp_csd%3Dd2lkZ2V0TmFtZT1zcF9zZWFyY2hfdGhlbWF0aWM%26psc%3D1,"Julep Eyeshadow 101 Crème to Powder Waterproof Eyeshadow Stick Duo, Bronze Shimmer and Warm Gold Shimmer",2 Count (Pack of 1),4.4 out of 5 stars,"2,674",$28.00,"Small Business|Small Business|Small Business|<img alt="""" src=""https://m.media-amazon.com/images/I/111mHoVK0kL._SS200_.png"" height=""50px"" width=""50px""/>  Small Business|<img alt="""" src=""https://m.media-amazon.com/images/I/111mHoVK0kL._SS200_.png"" height=""50px"" width=""50px""/>  Small Business",B097HP5ZMZ,https://m.media-amazon.com/images/I/91sH+7AjQTL._AC_UL320_.jpg|https://m.media-amazon.com/images/I/111mHoVK0kL._SS200_.png|
2115,https://www.amazon.com/sspa/click?ie=UTF8&spc=MTo0MTkwNDk1ODY1OTQyNTUzOjE2Njg2MjU3NDA6c3Bfc2VhcmNoX3RoZW1hdGljOjIwMDEwMTQ1MjQ3MTA5ODo6Mzo6&url=%2FLUXAZA-Eyeshadow-Hypoallergenic-Highlighter-Waterproof%2Fdp%2FB09YGQ45Z7%2Fref%3Dsxin_13_pa_sp_search_thematic_sspa%3Fcontent-id%3Damzn1.sym.4e7a2229-074e-44de-95c4-9fd858f46295%253Aamzn1.sym.4e7a2229-074e-44de-95c4-9fd858f46295%26crid%3D1QJ2Z0KOR688P%26cv_ct_cx%3Deyeshadow%26keywords%3Deyeshadow%26pd_rd_i%3DB09YGQ45Z7%26pd_rd_r%3D081c5608-9884-4615-a068-e8040d6e2b04%26pd_rd_w%3DjWHJZ%26pd_rd_wg%3D0TwJC%26pf_rd_p%3D4e7a2229-074e-44de-95c4-9fd858f46295%26pf_rd_r%3DME1NVC79G6ZH41G7BNA7%26qid%3D1668625740%26sprefix%3Deyeshadow%252Caps%252C92%26sr%3D1-4-a73d1c8c-2fd2-4f19-aa41-2df022bcb241-spons%26sp_csd%3Dd2lkZ2V0TmFtZT1zcF9zZWFyY2hfdGhlbWF0aWM%26psc%3D1,"LUXAZA 6PCS Cream Eyeshadow Stick,Matte And Shimmer Neutral Brown Eyeshadow Pencil Crayon,Hypoallergenic Eyeshadow,Highlighter Eye Liner,Pro Waterproof & Long Lasting Eye Shadow And Eyeliner Pen Sets",6 Count (Pack of 1),4.0 out of 5 stars,"12,257",$20.99,,B09YGQ45Z7,https://m.media-amazon.com/images/I/715rFluzj0L._AC_UL320_.jpg
2116,https://www.amazon.com/sspa/click?ie=UTF8&spc=MTo0MTkwNDk1ODY1OTQyNTUzOjE2Njg2MjU3NDA6c3Bfc2VhcmNoX3RoZW1hdGljOjIwMDAxMzYwMjQ1MTc4MTo6NDo6&url=%2FAnastasia-Beverly-Hills-Eyeshadow-Single%2Fdp%2FB00KMKXUKA%2Fref%3Dsxin_13_pa_sp_search_thematic_sspa%3Fcontent-id%3Damzn1.sym.4e7a2229-074e-44de-95c4-9fd858f46295%253Aamzn1.sym.4e7a2229-074e-44de-95c4-9fd858f46295%26crid%3D1QJ2Z0KOR688P%26cv_ct_cx%3Deyeshadow%26keywords%3Deyeshadow%26pd_rd_i%3DB00KMKXUKA%26pd_rd_r%3D081c5608-9884-4615-a068-e8040d6e2b04%26pd_rd_w%3DjWHJZ%26pd_rd_wg%3D0TwJC%26pf_rd_p%3D4e7a2229-074e-44de-95c4-9fd858f46295%26pf_rd_r%3DME1NVC79G6ZH41G7BNA7%26qid%3D1668625740%26sprefix%3Deyeshadow%252Caps%252C92%26sr%3D1-5-a73d1c8c-2fd2-4f19-aa41-2df022bcb241-spons%26sp_csd%3Dd2lkZ2V0TmFtZT1zcF9zZWFyY2hfdGhlbWF0aWM%26psc%3D1,Anastasia Beverly Hills Eyeshadow Single,0.06 Ounce (Pack of 1),4.4 out of 5 stars,824,$12.00,,B00KMKXUKA,https://m.media-amazon.com/images/I/61xg9Br2tfL._AC_UL320_.jpg
2117,https://aax-us-iad.amazon.com/x/c/RHJIl79wOHyoDdfs0BaZaDQAAAGEgdgzKAEAAAH2AQBOL0EgICAgICAgICAgICBOL0EgICAgICAgICAgICDSNrmp/https://www.amazon.com/dp/B01N8ZOQ5X?pd_rd_i=B01N8ZOQ5X&pf_rd_p=b000e0a0-9e93-480f-bf78-a83c8136dfcb&pf_rd_r=ME1NVC79G6ZH41G7BNA7&pd_rd_wg=0TwJC&pd_rd_w=Rkyuk&pd_rd_r=081c5608-9884-4615-a068-e8040d6e2b04,"Julep Eyeshadow 101 Crème to Powder Waterproof Eyeshadow Stick, Evergreen Shimmer",Sponsored,4.3 out of 5 stars,"31,707",$16.00,"FREE delivery Tue, Nov 22 on $25 of items shipped by AmazonOr fastest delivery Fri, Nov 18|",,
2118,https://www.amazon.com/sspa/click?ie=UTF8&spc=MTo2OTc1NzM2NjM1MTAyMjYzOjE2Njg2MjU3NDA6c3Bfc2VhcmNoX3RoZW1hdGljOjo6MDpCMDdYNkhEUzk2OnNlYXJjaA&url=%2FLOreal-Paris-Longwearing-Flake-Proof-Applicator%2Fdp%2FB07X6HDS96%2Fref%3Dsxin_15_pa_sp_search_thematic-asin_sspa%3Fcontent-id%3Damzn1.sym.4228d1d7-b9a2-4dcc-9504-1ef42bcf486a%253Aamzn1.sym.4228d1d7-b9a2-4dcc-9504-1ef42bcf486a%26crid%3D1QJ2Z0KOR688P%26cv_ct_cx%3Deyeshadow%26keywords%3Deyeshadow%26pd_rd_i%3DB07X6HDS96%26pd_rd_r%3D081c5608-9884-4615-a068-e8040d6e2b04%26pd_rd_w%3DqKrln%26pd_rd_wg%3D0TwJC%26pf_rd_p%3D4228d1d7-b9a2-4dcc-9504-1ef42bcf486a%26pf_rd_r%3DME1NVC79G6ZH41G7BNA7%26qid%3D1668625740%26sprefix%3Deyeshadow%252Caps%252C92%26sr%3D1-1-4a643ae4-6005-4b15-bc31-2c5125e2b25b-spons%26sp_csd%3Dd2lkZ2V0TmFtZT1zcF9zZWFyY2hfdGhlbWF0aWM%26psc%3D1,"L'Oreal Paris Makeup Brilliant Eyes Shimmer Liquid Eye Shadow, Longwearing Lasting Shimmer, Crease Resistant, Flake-Proof, Precision Applicator, Quick Dry, Non-Greasy, Royal Onyx, 0.1 oz.",0.1 Fl Oz (Pack of 1),4.2 out of 5 stars|4.2 out of 5 stars|4.6 out of 5 stars|4.3 out of 5 stars|4.5 out of 5 stars|4.3 out of 5 stars|4.5 out of 5 stars,"2,071|1,607|1,308|274|1,072|1,028|1,009",$9.99,"Climate Pledge Friendly|Climate Pledge Friendly|Climate Pledge Friendly|<img alt="""" src=""https://m.media-amazon.com/images/I/216-OX9rBaL._SS200_.png"" height=""50px"" width=""50px""/>  Climate Pledge Friendly|<img alt="""" src=""https://m.media-amazon.com/images/I/216-OX9rBaL._SS200_.png"" height=""50px"" width=""50px""/>  Climate Pledge Friendly|<img alt="""" src=""https://m.media-amazon.com/images/I/41Y2L-DZWfL._SS200_.png"" height=""50px"" width=""50px""/> Compact by Design (Certified by Amazon)|Climate Pledge Friendly|Climate Pledge Friendly|Climate Pledge Friendly|<img alt="""" src=""https://m.media-amazon.com/images/I/216-OX9rBaL._SS200_.png"" height=""50px"" width=""50px""/>  Climate Pledge Friendly|<img alt="""" src=""https://m.media-amazon.com/images/I/216-OX9rBaL._SS200_.png"" height=""50px"" width=""50px""/>  Climate Pledge Friendly|<img alt="""" src=""https://m.media-amazon.com/images/I/41Y2L-DZWfL._SS200_.png"" height=""50px"" width=""50px""/> Compact by Design (Certified by Amazon)|Climate Pledge Friendly|Climate Pledge Friendly|Climate Pledge Friendly|<img alt="""" src=""https://m.media-amazon.com/images/I/216-OX9rBaL._SS200_.png"" height=""50px"" width=""50px""/>  Climate Pledge Friendly|<img alt="""" src=""https://m.media-amazon.com/images/I/216-OX9rBaL._SS200_.png"" height=""50px"" width=""50px""/>  Climate Pledge Friendly|<img alt="""" src=""https://m.media-amazon.com/images/I/31OPjlesFNL._SS200_.png"" height=""50px"" width=""50px""/> EWG Verified|Climate Pledge Friendly  Small Business|Climate Pledge Friendly|Climate Pledge Friendly|Small Business|Small Business|<img alt="""" src=""https://m.media-amazon.com/images/I/216-OX9rBaL._SS200_.png"" height=""50px"" width=""50px""/>  Climate Pledge Friendly|<img alt="""" src=""https://m.media-amazon.com/images/I/216-OX9rBaL._SS200_.png"" height=""50px"" width=""50px""/>  Climate Pledge Friendly|<img alt="""" src=""https://m.media-amazon.com/images/I/51vC-CaTYRL._SS200_.png"" height=""50px"" width=""50px""/> Carbonfree Certified|<img alt="""" src=""https://m.media-amazon.com/images/I/111mHoVK0kL._SS200_.png"" height=""50px"" width=""50px""/>  Small Business|<img alt="""" src=""https://m.media-amazon.com/images/I/111mHoVK0kL._SS200_.png"" height=""50px"" width=""50px""/>  Small Business|Climate Pledge Friendly|Climate Pledge Friendly|Climate Pledge Friendly|<img alt="""" src=""https://m.media-amazon.com/images/I/216-OX9rBaL._SS200_.png"" height=""50px"" width=""50px""/>  Climate Pledge Friendly|<img alt="""" src=""https://m.media-amazon.com/images/I/216-OX9rBaL._SS200_.png"" height=""50px"" width=""50px""/>  Climate Pledge Friendly|<img alt="""" src=""https://m.media-amazon.com/images/I/31OPjlesFNL._SS200_.png"" height=""50px"" width=""50px""/> EWG Verified|Climate Pledge Friendly|Climate Pledge Friendly|Climate Pledge Friendly|<img alt="""" src=""https://m.media-amazon.com/images/I/216-OX9rBaL._SS200_.png"" height=""50px"" width=""50px""/>  Climate Pledge Friendly|<img alt="""" src=""https://m.media-amazon.com/images/I/216-OX9rBaL._SS200_.png"" height=""50px"" width=""50px""/>  Climate Pledge Friendly|<img alt="""" src=""https://m.media-amazon.com/images/I/31OPjlesFNL._SS200_.png"" height=""50px"" width=""50px""/> EWG Verified|Climate Pledge Friendly|Climate Pledge Friendly|Climate Pledge Friendly|<img alt="""" src=""https://m.media-amazon.com/images/I/216-OX9rBaL._SS200_.png"" height=""50px"" width=""50px""/>  Climate Pledge Friendly|<img alt="""" src=""https://m.media-amazon.com/images/I/216-OX9rBaL._SS200_.png"" height=""50px"" width=""50px""/>  Climate Pledge Friendly|<img alt="""" src=""https://m.media-amazon.com/images/I/31OPjlesFNL._SS200_.png"" height=""50px"" width=""50px""/> EWG Verified",,https://m.media-amazon.com/images/I/71o5PODM8HL._AC_UL320_.jpg|https://m.media-amazon.com/images/I/216-OX9rBaL._SS200_.png|||https://m.media-amazon.com/images/I/71oDVf01AdL._AC_UL320_.jpg|https://m.media-amazon.com/images/I/216-OX9rBaL._SS200_.png|||https://m.media-amazon.com/images/I/714dE0mf+1L._AC_UL320_.jpg|https://m.media-amazon.com/images/I/216-OX9rBaL._SS200_.png|||https://m.media-amazon.com/images/I/712q6VsEQ+L._AC_UL320_.jpg|https://m.media-amazon.com/images/I/216-OX9rBaL._SS200_.png|https://m.media-amazon.com/images/I/111mHoVK0kL._SS200_.png||||https://m.media-amazon.com/images/I/71Lo0kbjerL._AC_UL320_.jpg|https://m.media-amazon.com/images/I/216-OX9rBaL._SS200_.png|||https://m.media-amazon.com/images/I/51GDKU2RgJL._AC_UL320_.jpg|https://m.media-amazon.com/images/I/216-OX9rBaL._SS200_.png|||https://m.media-amazon.com/images/I/71QSOlT5LaL._AC_UL320_.jpg|https://m.media-amazon.com/images/I/216-OX9rBaL._SS200_.png||
2120,https://www.amazon.com/NYX-PROFESSIONAL-MAKEUP-Ultimate-Eyeshadow/dp/B01IW02HX2/ref=sr_1_6?crid=1QJ2Z0KOR688P&keywords=eyeshadow&qid=1668625740&sprefix=eyeshadow%2Caps%2C92&sr=8-6,"NYX PROFESSIONAL MAKEUP Ultimate Shadow Palette, Eyeshadow Palette - Warm Neutrals",1 Count (Pack of 1),4.6 out of 5 stars,"30,586",$13.00,"FREE delivery Tue, Nov 22 on $25 of items shipped by AmazonOr fastest delivery Fri, Nov 18|",B01IW02HX2,https://m.media-amazon.com/images/I/61SWjLCijsL._AC_UL320_.jpg
2121,https://www.amazon.com/Julep-Eyeshadow-Hypoallergenic-Waterproof-Available/dp/B01LW1983J/ref=sr_1_7?crid=1QJ2Z0KOR688P&keywords=eyeshadow&qid=1668625740&sprefix=eyeshadow%2Caps%2C92&sr=8-7,"Julep Eyeshadow 101 Crème to Powder Waterproof Eyeshadow Stick, Champagne Shimmer",1 Count (Pack of 1),4.3 out of 5 stars,"31,707",$16.00,"FREE delivery Tue, Nov 22 on $25 of items shipped by AmazonOr fastest delivery Fri, Nov 18||Small Business|Small Business|Small Business|<img alt="""" src=""https://m.media-amazon.com/images/I/111mHoVK0kL._SS200_.png"" height=""50px"" width=""50px""/>  Small Business|<img alt="""" src=""https://m.media-amazon.com/images/I/111mHoVK0kL._SS200_.png"" height=""50px"" width=""50px""/>  Small Business",B01LW1983J,https://m.media-amazon.com/images/I/818B-inh8EL._AC_UL320_.jpg|https://m.media-amazon.com/images/I/111mHoVK0kL._SS200_.png|
2122,https://www.amazon.com/COVERGIRL-Enhancers-Shadow-Sheerly-Packaging/dp/B001ESN2TS/ref=sr_1_8?crid=1QJ2Z0KOR688P&keywords=eyeshadow&qid=1668625740&sprefix=eyeshadow%2Caps%2C92&sr=8-8,"COVERGIRL Eye Enhancers Eyeshadow Kit, Sheerly Nudes, 4 Colors",1 Count (Pack of 1),4.5 out of 5 stars,"11,196",$4.19,"FREE delivery Tue, Nov 22 on $25 of items shipped by AmazonOr fastest delivery Fri, Nov 18|",B001ESN2TS,https://m.media-amazon.com/images/I/71SglVETckL._AC_UL320_.jpg
2123,https://www.amazon.com/Colours-Eyeshadow-Rechoo-Professional-Colorful/dp/B08JQ6C42J/ref=sr_1_9?crid=1QJ2Z0KOR688P&keywords=eyeshadow&qid=1668625740&sprefix=eyeshadow%2Caps%2C92&sr=8-9,"99 Colors Eye shadow Palette Glitter Eye Makeup, Rechoo Rainbow Colors Fusion Eyeshadow Palette, Professional Matte Makeup Pallet, Colorful Powder Long Lasting Eye Shadow",99 Count (Pack of 1),4.5 out of 5 stars,"1,939",$16.99,"FREE delivery Tue, Nov 22 on $25 of items shipped by AmazonOr fastest delivery Fri, Nov 18|",B08JQ6C42J,https://m.media-amazon.com/images/I/71lsg2yGjtL._AC_UL320_.jpg
2124,https://www.amazon.com/Eyeshadow-Pigmented-Waterproof-Makeup-Seductress/dp/B07JG4SPLY/ref=sr_1_10?crid=1QJ2Z0KOR688P&keywords=eyeshadow&qid=1668625740&sprefix=eyeshadow%2Caps%2C92&sr=8-10,Matte Eyeshadow Palette Pro 18 Colors Pigmented Shimmer Glitter Eye Shadow Palette Blendable Long Lasting Waterproof Makeup Cosmetics Halloween Makeup Kit (01# Seductress),1 Count (Pack of 1),4.6 out of 5 stars,"6,062",$9.99,"FREE delivery Tue, Nov 22 on $25 of items shipped by AmazonOr fastest delivery Fri, Nov 18|",B07JG4SPLY,https://m.media-amazon.com/images/I/71joxgYmuzL._AC_UL320_.jpg
2125,https://www.amazon.com/e-l-f-Liquid-Metallic-Eyeshadows-Moon/dp/B0947DWWTN/ref=sr_1_11?crid=1QJ2Z0KOR688P&keywords=eyeshadow&qid=1668625740&sprefix=eyeshadow%2Caps%2C92&sr=8-11,"e.l.f. Liquid Metallic Eyeshadow, Gel Formula, Multi-Dimensional Finish For Bold Eye Looks, One-Swipe Coverage, Vegan & Cruelty-Free, Moon, 0.1 Fl Oz",1 Count (Pack of 1),4.3 out of 5 stars,"3,143",$6.00,"FREE delivery Tue, Nov 22 on $25 of items shipped by AmazonOr fastest delivery Sat, Nov 19|",B0947DWWTN,https://m.media-amazon.com/images/I/71a9wgtwWmS._AC_UL320_.jpg
2126,https://www.amazon.com/Eyeshadow-Palette-Lasting-Reflective-Shimmer/dp/B07LF13C2C/ref=sr_1_12?crid=1QJ2Z0KOR688P&keywords=eyeshadow&qid=1668625740&sprefix=eyeshadow%2Caps%2C92&sr=8-12,UCANBE 18 Colors Aromas Nude Eyeshadow Palette Long Lasting Multi Reflective Shimmer Matte Glitter Pressed Pearls Eye Shadow Makeup Pallet,1 Count (Pack of 1),4.5 out of 5 stars,"8,630",$8.99,"FREE delivery Tue, Nov 22 on $25 of items shipped by AmazonOr fastest delivery Fri, Nov 18|",B07LF13C2C,https://m.media-amazon.com/images/I/611p2qpW-fL._AC_UL320_.jpg
2127,https://www.amazon.com/LAURA-GELLER-NEW-YORK-Delectables/dp/B0BGR4TG4R/ref=sr_1_13?crid=1QJ2Z0KOR688P&keywords=eyeshadow&qid=1668625740&sprefix=eyeshadow%2Caps%2C92&sr=8-13,LAURA GELLER NEW YORK The Delectables Earthy Essentials Baked Eyeshadow Palette | 14 Pigmented Eyeshadows Blendable Natural Look,($3.64/Ounce),4.5 out of 5 stars,438,$17.45,"FREE delivery Tue, Nov 22 on $25 of items shipped by AmazonOr fastest delivery Fri, Nov 18||Small Business|Small Business|Small Business|<img alt="""" src=""https://m.media-amazon.com/images/I/111mHoVK0kL._SS200_.png"" height=""50px"" width=""50px""/>  Small Business|<img alt="""" src=""https://m.media-amazon.com/images/I/111mHoVK0kL._SS200_.png"" height=""50px"" width=""50px""/>  Small Business",B0BGR4TG4R,https://m.media-amazon.com/images/I/81GjDr9tmBL._AC_UL320_.jpg|https://m.media-amazon.com/images/I/111mHoVK0kL._SS200_.png|
2128,https://www.amazon.com/SEEUI-Eyeshadow-Palette-Shimmer-Blendable/dp/B096W6VWKS/ref=sr_1_14?crid=1QJ2Z0KOR688P&keywords=eyeshadow&qid=1668625740&sprefix=eyeshadow%2Caps%2C92&sr=8-14,SEEUI Eyeshadow Palette 24 Color Eye Makeup Palette Matte Shimmer Eyeshadow Pallet Long Lasting Blendable Natural Colors Make Up Eye Shadows,1 Count (Pack of 1),4.6 out of 5 stars,374,$9.99,"FREE delivery Tue, Nov 22 on $25 of items shipped by AmazonOr fastest delivery Fri, Nov 18|",B096W6VWKS,https://m.media-amazon.com/images/I/81om1wKkzLL._AC_UL320_.jpg
2129,https://www.amazon.com/CoverGirl-Eye-Enhancers-4-Kit-Shadow/dp/B00L5SMFJU/ref=sr_1_15?crid=1QJ2Z0KOR688P&keywords=eyeshadow&qid=1668625740&sprefix=eyeshadow%2Caps%2C92&sr=8-15,"Covergirl Eye Enhancers Eye Shadow Palette, Natural Nudes, 0.19 Ounce",1 Count (Pack of 1),4.3 out of 5 stars,"1,206",$4.97,"FREE delivery Tue, Nov 22 on $25 of items shipped by AmazonOr fastest delivery Fri, Nov 18|",B00L5SMFJU,https://m.media-amazon.com/images/I/81OQWv0OfpL._AC_UL320_.jpg
2130,https://www.amazon.com/Eyeshadow-Waterproof-Professional-Cosmetic-BESTLAND/dp/B073ZBGLJF/ref=sr_1_16?crid=1QJ2Z0KOR688P&keywords=eyeshadow&qid=1668625740&sprefix=eyeshadow%2Caps%2C92&sr=8-16,2 Pack 12 Colors Makeup Nude Colors Eyeshadow Palette Natural Nude Matte Shimmer Glitter Pigment Eye Shadow Pallete Set Waterproof Smokey Professional Beauty Makeup Kit BestLand (2 PCS),26 Piece Set,4.2 out of 5 stars,"11,003",$12.88,"FREE delivery Tue, Nov 22 on $25 of items shipped by AmazonOr fastest delivery Fri, Nov 18|",B073ZBGLJF,https://m.media-amazon.com/images/I/51Gyb+sbodL._AC_UL320_.jpg
2131,https://www.amazon.com/sspa/click?ie=UTF8&spc=MTo4OTc5Mzc5OTExOTg5NzM5OjE2Njg2MjU3NDA6c3BfbXRmOjIwMDA1OTYwOTY2MzU5ODo6MDo6&url=%2FErinde-Eyeshadow-Pigmented-Blendable-Professional%2Fdp%2FB09J88WHF1%2Fref%3Dsr_1_17_sspa%3Fcrid%3D1QJ2Z0KOR688P%26keywords%3Deyeshadow%26qid%3D1668625740%26sprefix%3Deyeshadow%252Caps%252C92%26sr%3D8-17-spons%26sp_csd%3Dd2lkZ2V0TmFtZT1zcF9tdGY%26psc%3D1%26smid%3DA36LYO8UMBYZGT,"Erinde 10 Colors Eyeshadow Palette, Matte Black Grey Eyeshadow, Ultra-Blendable, High Pigmented, Long Lasting, Neutral Nude Eye Makeup Palette with Professional Brush, Suitable for Older Women #04",Sponsored,4.2 out of 5 stars,"1,607",$8.59,"FREE delivery Tue, Nov 22 on $25 of items shipped by AmazonOr fastest delivery Fri, Nov 18||Climate Pledge Friendly|Climate Pledge Friendly|Climate Pledge Friendly|<img alt="""" src=""https://m.media-amazon.com/images/I/216-OX9rBaL._SS200_.png"" height=""50px"" width=""50px""/>  Climate Pledge Friendly|<img alt="""" src=""https://m.media-amazon.com/images/I/216-OX9rBaL._SS200_.png"" height=""50px"" width=""50px""/>  Climate Pledge Friendly|<img alt="""" src=""https://m.media-amazon.com/images/I/41Y2L-DZWfL._SS200_.png"" height=""50px"" width=""50px""/> Compact by Design (Certified by Amazon)",B09J88WHF1,https://m.media-amazon.com/images/I/71J5EioYysL._AC_UL320_.jpg|https://m.media-amazon.com/images/I/216-OX9rBaL._SS200_.png||
2132,https://www.amazon.com/sspa/click?ie=UTF8&spc=MTo4OTc5Mzc5OTExOTg5NzM5OjE2Njg2MjU3NDA6c3BfbXRmOjIwMDA4Nzk0MjUzOTI5ODo6MDo6&url=%2FAlleyoop-Cream-Eyeshadow-Sticks-Matte%2Fdp%2FB08XBHRS9B%2Fref%3Dsr_1_18_sspa%3Fcrid%3D1QJ2Z0KOR688P%26keywords%3Deyeshadow%26qid%3D1668625740%26sprefix%3Deyeshadow%252Caps%252C92%26sr%3D8-18-spons%26sp_csd%3Dd2lkZ2V0TmFtZT1zcF9tdGY%26psc%3D1,"Alleyoop 11th Hour Cream Eyeshadow Sticks - Taupe Dollar (Matte) - Award-winning - Smudge-Proof and Crease Proof for Over 11 Hours - Easy-To-Apply and Compact for Travel - Cruelty-Free & Vegan, 0.05 Oz",Sponsored,4.5 out of 5 stars,965,$24.99,"FREE delivery Tue, Nov 22 on $25 of items shipped by AmazonOr fastest delivery Fri, Nov 18||Small Business|Small Business|Small Business|<img alt="""" src=""https://m.media-amazon.com/images/I/111mHoVK0kL._SS200_.png"" height=""50px"" width=""50px""/>  Small Business|<img alt="""" src=""https://m.media-amazon.com/images/I/111mHoVK0kL._SS200_.png"" height=""50px"" width=""50px""/>  Small Business",B08XBHRS9B,https://m.media-amazon.com/images/I/51uxdnX2ARL._AC_UL320_.jpg|https://m.media-amazon.com/images/I/111mHoVK0kL._SS200_.png|
2133,https://www.amazon.com/sspa/click?ie=UTF8&spc=MTo4OTc5Mzc5OTExOTg5NzM5OjE2Njg2MjU3NDA6c3BfbXRmOjIwMDA1OTQ1MDQ0NDgyMTo6MDo6&url=%2FSigma-Beauty-Neutrals-Eyeshadow-dual-ended%2Fdp%2FB08HSPSPN6%2Fref%3Dsr_1_19_sspa%3Fcrid%3D1QJ2Z0KOR688P%26keywords%3Deyeshadow%26qid%3D1668625740%26sprefix%3Deyeshadow%252Caps%252C92%26sr%3D8-19-spons%26sp_csd%3Dd2lkZ2V0TmFtZT1zcF9tdGY%26psc%3D1,"Sigma Beauty Warm Neutrals Eyeshadow Palette - 14 Warm Eyeshadow Shades in Matte, Shimmer and Metalic Finishes - Highly Pigmented Vegan Eye Makeup Palette - Clean Beauty Products",Sponsored,4.6 out of 5 stars,103,$41.00,"FREE delivery Tue, Nov 22 Or fastest delivery Fri, Nov 18||Small Business|Small Business|Small Business|<img alt="""" src=""https://m.media-amazon.com/images/I/111mHoVK0kL._SS200_.png"" height=""50px"" width=""50px""/>  Small Business|<img alt="""" src=""https://m.media-amazon.com/images/I/111mHoVK0kL._SS200_.png"" height=""50px"" width=""50px""/>  Small Business",B08HSPSPN6,https://m.media-amazon.com/images/I/81uIP2o-5GL._AC_UL320_.jpg|https://m.media-amazon.com/images/I/111mHoVK0kL._SS200_.png|
2134,https://www.amazon.com/sspa/click?ie=UTF8&spc=MTo4OTc5Mzc5OTExOTg5NzM5OjE2Njg2MjU3NDA6c3BfbXRmOjIwMDA1OTQ1MDQ0NDcyMTo6MDo6&url=%2FSigma-Beauty-Spicy-Eyeshadow-Palette%2Fdp%2FB08VBH52FM%2Fref%3Dsr_1_20_sspa%3Fcrid%3D1QJ2Z0KOR688P%26keywords%3Deyeshadow%26qid%3D1668625740%26sprefix%3Deyeshadow%252Caps%252C92%26sr%3D8-20-spons%26sp_csd%3Dd2lkZ2V0TmFtZT1zcF9tdGY%26psc%3D1%26smid%3DAHF186UWUDO60,"Sigma Beauty On-the-Go Eyeshadow Palette - Spicy - 9 Bold Eyeshadow Shades in Matte, Shimmer and Metalic Finishes - Highly Pigmented Vegan Eye Makeup Palette - Clean Beauty Products",Sponsored,4.3 out of 5 stars,114,$24.00,"FREE delivery Tue, Nov 22 on $25 of items shipped by AmazonOr fastest delivery Fri, Nov 18||Small Business|Small Business|Small Business|<img alt="""" src=""https://m.media-amazon.com/images/I/111mHoVK0kL._SS200_.png"" height=""50px"" width=""50px""/>  Small Business|<img alt="""" src=""https://m.media-amazon.com/images/I/111mHoVK0kL._SS200_.png"" height=""50px"" width=""50px""/>  Small Business",B08VBH52FM,https://m.media-amazon.com/images/I/81GUw8Dl-YL._AC_UL320_.jpg|https://m.media-amazon.com/images/I/111mHoVK0kL._SS200_.png|
2135,https://www.amazon.com/WILD-Color-Icon-Glitter-Single/dp/B0797VJ9WN/ref=sr_1_21?crid=1QJ2Z0KOR688P&keywords=eyeshadow&qid=1668625740&sprefix=eyeshadow%2Caps%2C92&sr=8-21,Wet n Wild Color Icon Glitter Eyeshadow Shimmer Spiked,$0.94 with Subscribe & Save discountSave 5% on 4 select item(s),4.0 out of 5 stars,"1,406",$0.99,"FREE delivery Tue, Nov 22 on $25 of items shipped by AmazonOr fastest delivery Fri, Nov 18|",B0797VJ9WN,https://m.media-amazon.com/images/I/81Et81YIN7L._AC_UL320_.jpg
2136,https://www.amazon.com/Best-Pro-Eyeshadow-Palette-Makeup/dp/B01CNZMMV4/ref=sr_1_22?crid=1QJ2Z0KOR688P&keywords=eyeshadow&qid=1668625740&sprefix=eyeshadow%2Caps%2C92&sr=8-22,Best Pro Eyeshadow Palette Makeup - Matte Shimmer 16 Colors - Highly Pigmented - Professional Nudes Warm Natural Bronze Neutral Smoky Cosmetic Eye Shadows,1 Count (Pack of 1),4.4 out of 5 stars,"27,064",$13.95,"FREE delivery Tue, Nov 22 on $25 of items shipped by AmazonOr fastest delivery Fri, Nov 18|",B01CNZMMV4,https://m.media-amazon.com/images/I/71v+-kB4N2L._AC_UL320_.jpg
2137,https://www.amazon.com/Rimmel-Magnifeyes-Eyeshadow-Palette-Electric/dp/B07FH3P7QK/ref=sr_1_23?crid=1QJ2Z0KOR688P&keywords=eyeshadow&qid=1668625740&sprefix=eyeshadow%2Caps%2C92&sr=8-23,"Rimmel Magnif'eyes Eyeshadow Palette, Electric Violet Edition (3614227182486)",1 Count (Pack of 1),4.5 out of 5 stars,"9,549",$5.39,"FREE delivery Tue, Nov 22 on $25 of items shipped by AmazonOr fastest delivery Fri, Nov 18|",B07FH3P7QK,https://m.media-amazon.com/images/I/81cqucObPIL._AC_UL320_.jpg
2138,https://www.amazon.com/Eyeshadow-Ultra-Blendable-Pigmented-Matallic-Waterproof/dp/B08TWSYWQ4/ref=sr_1_24?crid=1QJ2Z0KOR688P&keywords=eyeshadow&qid=1668625740&sprefix=eyeshadow%2Caps%2C92&sr=8-24,"Nude Gold Eyeshadow Palette Natural Naked Smokey Warm Neutral 15 Shades, ecofavor Ultra-Blendable High Pigmented Matte Shimmer Matallic Long Lasting Waterproof Eye Shadow Pallet, Travel Size Makeup",1 Count (Pack of 1),4.5 out of 5 stars,"1,927",$9.99,"FREE delivery Tue, Nov 22 on $25 of items shipped by AmazonOr fastest delivery Fri, Nov 18|",B08TWSYWQ4,https://m.media-amazon.com/images/I/51y0Eu3ZWjL._AC_UL320_.jpg
2139,https://www.amazon.com/Bite-Size-Eyeshadows-Blendable-Ultra-Pigmented-Shimmer/dp/B085P2FL8B/ref=sr_1_25?crid=1QJ2Z0KOR688P&keywords=eyeshadow&qid=1668625740&sprefix=eyeshadow%2Caps%2C92&sr=8-25,"e.l.f. Bite-Size Eyeshadows, Creamy, Blendable, Ultra-Pigmented & Easy to Apply On-the-go, Long-lasting, Vegan & Cruelty-Free, Rose Water, 0.12 Oz",0.12 Ounce (Pack of 1),4.4 out of 5 stars,"7,519",$3.00,"FREE delivery Tue, Nov 22 on $25 of items shipped by AmazonOr fastest delivery Fri, Nov 18|",B085P2FL8B,https://m.media-amazon.com/images/I/71BaSVFeNSL._AC_UL320_.jpg
2140,https://www.amazon.com/Revlon-ColorStay-Shadow-Passionate-0-16oz/dp/B0105Z23J0/ref=sr_1_26?crid=1QJ2Z0KOR688P&keywords=eyeshadow&qid=1668625740&sprefix=eyeshadow%2Caps%2C92&sr=8-26,"Revlon ColorStay Day to Night Eyeshadow Quad, Longwear Shadow Palette with Transitional Shades and Buttery Soft Feel, Crease & Smudge Proof, 528 Passionate , 0.16 oz",1 Count (Pack of 1),4.4 out of 5 stars,"5,624",$7.93,"FREE delivery Tue, Nov 22 on $25 of items shipped by AmazonOr fastest delivery Fri, Nov 18|",B0105Z23J0,https://m.media-amazon.com/images/I/81AnKfb3VLL._AC_UL320_.jpg
2141,https://www.amazon.com/HAUS-LABORATORIES-Lady-Gaga-Eyeshadow/dp/B07RS1NZ72/ref=sr_1_27?crid=1QJ2Z0KOR688P&keywords=eyeshadow&qid=1668625740&sprefix=eyeshadow%2Caps%2C92&sr=8-27,"HAUS LABORATORIES By Lady Gaga: GLAM ATTACK LIQUID EYESHADOW | Pigmented Liquid Eyeshadow Available in 13 Shimmer & 4 Metallic Colors, Long Lasting & Blendable Eye Makeup, Vegan & Cruelty-Free",0.12 Ounce (Pack of 1),4.4 out of 5 stars,"3,009",$9.33,"FREE delivery Tue, Nov 22 on $25 of items shipped by AmazonOr fastest delivery Fri, Nov 18|",B07RS1NZ72,https://m.media-amazon.com/images/I/71gErSMDciL._AC_UL320_.jpg
2142,https://www.amazon.com/Urban-Decay-Naked3-Eyeshadow-Palette/dp/B095PSJ7QV/ref=sr_1_28?crid=1QJ2Z0KOR688P&keywords=eyeshadow&qid=1668625740&sprefix=eyeshadow%2Caps%2C92&sr=8-28,Urban Decay Naked3 Mini Eyeshadow Palette - Pigmented Eye Makeup Palette For On the Go - Ultra Blendable - Up to 12 Hour Wear,1 Count (Pack of 1),4.7 out of 5 stars,"1,929",$24.99,"FREE delivery Nov 22 - 23 Or fastest delivery Mon, Nov 21",B095PSJ7QV,https://m.media-amazon.com/images/I/81zMYCNp25L._AC_UL320_.jpg
2143,https://www.amazon.com/l-f-Bite-Size-Eyeshadow-Ultra-Pigmented-Blendable/dp/B0B432CK33/ref=sr_1_29?crid=1QJ2Z0KOR688P&keywords=eyeshadow&qid=1668625740&sprefix=eyeshadow%2Caps%2C92&sr=8-29,"e.l.f. Bite-Size Eyeshadow, Ultra-Pigmented Eye Makeup Quad, 4 Matte & Shimmer Shades, Creamy & Blendable Powder, I Love You A Latte, 0.12 Oz",1 Count (Pack of 1),4.2 out of 5 stars,30,$3.00,"FREE delivery Tue, Nov 22 on $25 of items shipped by AmazonOr fastest delivery Fri, Nov 18|",B0B432CK33,https://m.media-amazon.com/images/I/61ywkjnyucL._AC_UL320_.jpg
2144,https://www.amazon.com/MAEPEOR-Eyeshadow-Lightweight-High-pigmented-Waterproof/dp/B0B5DGN9FQ/ref=sr_1_30?crid=1QJ2Z0KOR688P&keywords=eyeshadow&qid=1668625740&sprefix=eyeshadow%2Caps%2C92&sr=8-30,"MAEPEOR Matte Liquid Eyeshadow 8 Colors Neutral Naked Smooth Creamy Eyeshadow Set Lightweight High-pigmented and Waterproof Long Lasting Matte Eyeshadow (Matte Naked, 8Colors Set 1)",8 Count (Pack of 1),3.7 out of 5 stars,30,$9.99,"FREE delivery Tue, Nov 22 on $25 of items shipped by AmazonOr fastest delivery Fri, Nov 18|",B0B5DGN9FQ,https://m.media-amazon.com/images/I/716NcaoL5SL._AC_UL320_.jpg
2145,https://www.amazon.com/W7-Eyeshadow-Long-lasting-Transition-Cruelty-free/dp/B01N6WMQ9Y/ref=sr_1_31?crid=1QJ2Z0KOR688P&keywords=eyeshadow&qid=1668625740&sprefix=eyeshadow%2Caps%2C92&sr=8-31,W7 Mighty Mattes Eyeshadow Palette - 12 Natural Nude Colors - Flawless Long-Lasting Makeup,1 Count (Pack of 1),4.3 out of 5 stars,"3,216",$8.50,"FREE delivery Tue, Nov 22 on $25 of items shipped by AmazonOr fastest delivery Sat, Nov 19|",B01N6WMQ9Y,https://m.media-amazon.com/images/I/71HspLK1HnL._AC_UL320_.jpg
2146,https://www.amazon.com/Eyeshadow-Metallic-Waterproof-Quick-Drying-Sparkling/dp/B08PV4B3QR/ref=sr_1_32?crid=1QJ2Z0KOR688P&keywords=eyeshadow&qid=1668625740&sprefix=eyeshadow%2Caps%2C92&sr=8-32,"10 Colors Liquid Glitter Eyeshadow Set, Metallic Glitter Shimmer Smokey Eye Looks Waterproof Long Lasting Quick-Drying Sparkling Eye Shadow Makeup Kits",10 Count (Pack of 1),4.1 out of 5 stars,"3,301",$9.99,"FREE delivery Tue, Nov 22 on $25 of items shipped by AmazonOr fastest delivery Fri, Nov 18|",B08PV4B3QR,https://m.media-amazon.com/images/I/813X4-uBzVL._AC_UL320_.jpg
2147,https://www.amazon.com/sspa/click?ie=UTF8&spc=MTo4OTc5Mzc5OTExOTg5NzM5OjE2Njg2MjU3NDA6c3BfbXRmOjIwMDA5NTAwODk5OTY5ODo6MDo6&url=%2FCovergirl-Enhancers-Shadow-Sheerly-Nudes%2Fdp%2FB07JNY9T38%2Fref%3Dsr_1_33_sspa%3Fcrid%3D1QJ2Z0KOR688P%26keywords%3Deyeshadow%26qid%3D1668625740%26sprefix%3Deyeshadow%252Caps%252C92%26sr%3D8-33-spons%26sp_csd%3Dd2lkZ2V0TmFtZT1zcF9tdGY%26psc%3D1,"Covergirl Eye Enhancers 4-Kit Eye Shadow, Sheerly Nudes,2 Count (Pack of 1)",Sponsored,4.5 out of 5 stars,"11,196",$8.78,FREE delivery on $25 shipped by Amazon.,B07JNY9T38,https://m.media-amazon.com/images/I/81UKO0ANJDL._AC_UL320_.jpg
2148,https://www.amazon.com/sspa/click?ie=UTF8&spc=MTo4OTc5Mzc5OTExOTg5NzM5OjE2Njg2MjU3NDA6c3BfbXRmOjIwMDA2NzE4MzI2MDY5ODo6MDo6&url=%2FMabox-Eyeshadow-Stick-6Pcs-Waterproof%2Fdp%2FB09Y5NQPXR%2Fref%3Dsr_1_34_sspa%3Fcrid%3D1QJ2Z0KOR688P%26keywords%3Deyeshadow%26qid%3D1668625740%26sprefix%3Deyeshadow%252Caps%252C92%26sr%3D8-34-spons%26sp_csd%3Dd2lkZ2V0TmFtZT1zcF9tdGY%26psc%3D1,"Mabox Eyeshadow Stick 6Pcs - Neutral and Brown Metallic Eye Shadow Stick Makeup - Creamy & Waterproof Eyeshadow Brightener Pencil for Smoky, Luminous and Metallic Eye Makeup",Sponsored,3.9 out of 5 stars,174,$11.99,"FREE delivery Tue, Nov 22 on $25 of items shipped by AmazonOr fastest delivery Fri, Nov 18|",B09Y5NQPXR,https://m.media-amazon.com/images/I/71MuwZPsBSL._AC_UL320_.jpg
2149,https://www.amazon.com/sspa/click?ie=UTF8&spc=MTo4OTc5Mzc5OTExOTg5NzM5OjE2Njg2MjU3NDA6c3BfbXRmOjIwMDA3NTE4MjQzOTE5ODo6MDo6&url=%2FLUXAZA-Eyeshadow-Shimmer-Brightener-Highlighter%2Fdp%2FB0B56HGR1Z%2Fref%3Dsr_1_35_sspa%3Fcrid%3D1QJ2Z0KOR688P%26keywords%3Deyeshadow%26qid%3D1668625740%26sprefix%3Deyeshadow%252Caps%252C92%26sr%3D8-35-spons%26sp_csd%3Dd2lkZ2V0TmFtZT1zcF9tdGY%26psc%3D1,"LUXAZA 6PCS Eyeshadow Stick Set,Shimmer And Matte Neutral Eyeshadow Pencil Crayon,Pearl Pink Cream Eye Shadow Stick Makeup,Long Lasting Eye Brightener Highlighter Makeup Set",Sponsored,4.1 out of 5 stars,"1,054",$20.99,"FREE delivery Tue, Nov 22 on $25 of items shipped by AmazonOr fastest delivery Sun, Nov 20|",B0B56HGR1Z,https://m.media-amazon.com/images/I/71ilGG2ekoL._AC_UL320_.jpg
2150,https://www.amazon.com/sspa/click?ie=UTF8&spc=MTo4OTc5Mzc5OTExOTg5NzM5OjE2Njg2MjU3NDA6c3BfbXRmOjIwMDA4OTM3MzQ2OTI5ODo6MDo6&url=%2FFOCALLURE-Eyeshadow-Highlighter-Waterproof-Brightener%2Fdp%2FB0BB6KZ6M8%2Fref%3Dsr_1_36_sspa%3Fcrid%3D1QJ2Z0KOR688P%26keywords%3Deyeshadow%26qid%3D1668625740%26sprefix%3Deyeshadow%252Caps%252C92%26sr%3D8-36-spons%26sp_csd%3Dd2lkZ2V0TmFtZT1zcF9tdGY%26psc%3D1,"FOCALLURE 3 Pcs No Crease Eyeshadow Sticks,Shimmer & Matte Eye Shadow Crayon Set with Blending Sponge Brush,Smooth Texture Cream Eye Highlighter Pen,Long Lasting Waterproof Eyeshadow Brightener Stick Makeup,Back To Youth",Sponsored,3.8 out of 5 stars,91,$16.99,"FREE delivery Tue, Nov 22 on $25 of items shipped by AmazonOr fastest delivery Sat, Nov 19|",B0BB6KZ6M8,https://m.media-amazon.com/images/I/71izM0atRbL._AC_UL320_.jpg
2151,https://www.amazon.com/Maybelline-New-York-Blushed-Nudes/dp/B00UKP1M2K/ref=sr_1_37?crid=1QJ2Z0KOR688P&keywords=eyeshadow&qid=1668625740&sprefix=eyeshadow%2Caps%2C92&sr=8-37,Maybelline The Blushed Nudes Eyeshadow Makeup Palette,1 Count (Pack of 1),4.4 out of 5 stars,"26,054",$10.98,"FREE delivery Tue, Nov 22 on $25 of items shipped by AmazonOr fastest delivery Fri, Nov 18|",B00UKP1M2K,https://m.media-amazon.com/images/I/819FqiMlAnL._AC_UL320_.jpg
2152,https://www.amazon.com/Rimmel-Magnifeyes-Eye-Palette-Nude/dp/B01NAWTLIQ/ref=sr_1_38?crid=1QJ2Z0KOR688P&keywords=eyeshadow&qid=1668625740&sprefix=eyeshadow%2Caps%2C92&sr=8-38,"Rimmel Magnif'eyes Eyeshadow Palette, 001 Nude Edition, Pack of 1",1 Count (Pack of 1),4.5 out of 5 stars,"9,549",$5.39,FREE delivery Nov 21 - 25 Or fastest delivery Nov 18 - 23,B01NAWTLIQ,https://m.media-amazon.com/images/I/81LdzOv5tiL._AC_UL320_.jpg
2153,https://www.amazon.com/Erinde-Eyeshadow-Pigmented-Blendable-Professional/dp/B09J88WHF1/ref=sr_1_39?crid=1QJ2Z0KOR688P&keywords=eyeshadow&qid=1668625740&sprefix=eyeshadow%2Caps%2C92&sr=8-39,"Erinde 10 Colors Eyeshadow Palette, Matte Black Grey Eyeshadow, Ultra-Blendable, High Pigmented, Long Lasting, Neutral Nude Eye Makeup Palette with Professional Brush, Suitable for Older Women #04",2 Piece Set,4.2 out of 5 stars,"1,607",$8.59,"FREE delivery Tue, Nov 22 on $25 of items shipped by AmazonOr fastest delivery Fri, Nov 18||Climate Pledge Friendly|Climate Pledge Friendly|Climate Pledge Friendly|<img alt="""" src=""https://m.media-amazon.com/images/I/216-OX9rBaL._SS200_.png"" height=""50px"" width=""50px""/>  Climate Pledge Friendly|<img alt="""" src=""https://m.media-amazon.com/images/I/216-OX9rBaL._SS200_.png"" height=""50px"" width=""50px""/>  Climate Pledge Friendly|<img alt="""" src=""https://m.media-amazon.com/images/I/41Y2L-DZWfL._SS200_.png"" height=""50px"" width=""50px""/> Compact by Design (Certified by Amazon)",B09J88WHF1,https://m.media-amazon.com/images/I/71J5EioYysL._AC_UL320_.jpg|https://m.media-amazon.com/images/I/216-OX9rBaL._SS200_.png||
2154,https://www.amazon.com/L-Colors-Eyeshadow-Palette/dp/B00G1RMIRO/ref=sr_1_40?crid=1QJ2Z0KOR688P&keywords=eyeshadow&qid=1668625740&sprefix=eyeshadow%2Caps%2C92&sr=8-40,"L.A. COLORS 16 Color Eyeshadow Palette, Haute, 1.02 Ounce",1 Count (Pack of 1),4.2 out of 5 stars,"4,516",$5.00,"FREE delivery Tue, Nov 22 on $25 of items shipped by AmazonOr fastest delivery Fri, Nov 18|",B00G1RMIRO,https://m.media-amazon.com/images/I/81jLj9+6pWL._AC_UL320_.jpg
2155,https://www.amazon.com/Eyeshadow-Pigmented-Naturing-Looking-Ultra-Blendable-Pawlette/dp/B09NSJP49W/ref=sr_1_41?crid=1QJ2Z0KOR688P&keywords=eyeshadow&qid=1668625740&sprefix=eyeshadow%2Caps%2C92&sr=8-41,"10 Colors Eyeshadow Palette Smooth Matte Nude Eye Makeup Palette,High Pigmented, Naturing-Looking, Ultra-Blendable,Long Lasting High Neutral Eyeshadow Pawlette with 3 Eyeshadow Brush(Cement color)",4 Piece Set,4.0 out of 5 stars,258,$8.59,"FREE delivery Tue, Nov 22 on $25 of items shipped by AmazonOr fastest delivery Fri, Nov 18|",B09NSJP49W,https://m.media-amazon.com/images/I/71DvVaZ0w9L._AC_UL320_.jpg
2156,https://www.amazon.com/essence-Eyeshadow-Pigmented-Blendable-Microplastic/dp/B0B5RDC4FS/ref=sr_1_42?crid=1QJ2Z0KOR688P&keywords=eyeshadow&qid=1668625740&sprefix=eyeshadow%2Caps%2C92&sr=8-42,"essence | Disney Villains Eyeshadow Palette | 14 Highly Pigmented, Blendable Shades | Vegan & Cruelty Free | Free From Parabens, Alcohol, Oil & Microplastic Particles (Ursula)",($32.88/Ounce),4.5 out of 5 stars,10,$12.99,"FREE delivery Tue, Nov 22 on $25 of items shipped by AmazonOr fastest delivery Fri, Nov 18|",B0B5RDC4FS,https://m.media-amazon.com/images/I/71J0b-VBDcL._AC_UL320_.jpg
2157,https://www.amazon.com/Color-Rainbow-Eyeshadow-Palette-Professional/dp/B07X22X145/ref=sr_1_43?crid=1QJ2Z0KOR688P&keywords=eyeshadow&qid=1668625740&sprefix=eyeshadow%2Caps%2C92&sr=8-43,39 Color Rainbow Eyeshadow Palette - Professional Makeup Matte Metallic Shimmer Eye Shadow Palettes - Ultra Pigmented Powder Bright Vibrant Colors Shades Cosmetics Set,1 Count (Pack of 1),4.7 out of 5 stars,"6,617",$9.99,"FREE delivery Tue, Nov 22 on $25 of items shipped by AmazonOr fastest delivery Fri, Nov 18|",B07X22X145,https://m.media-amazon.com/images/I/81XT8-hwB7L._AC_UL320_.jpg
2158,https://www.amazon.com/LORAC-Pro-Matte-Shadow-Palette/dp/B00ZZ8XOD2/ref=sr_1_44?crid=1QJ2Z0KOR688P&keywords=eyeshadow&qid=1668625740&sprefix=eyeshadow%2Caps%2C92&sr=8-44,LORAC PRO Matte Eyeshadow Palette | Blendable Eyeshadows | Mirror Compact,1 Count (Pack of 1),4.6 out of 5 stars,"1,667",$25.00,"FREE delivery Tue, Nov 22 Or fastest delivery Fri, Nov 18|",B00ZZ8XOD2,https://m.media-amazon.com/images/I/71-8oA15ykL._AC_UL320_.jpg
2159,https://www.amazon.com/Almay-Shadow-Oyster-eyeshadow-palette/dp/B075KDZ1C1/ref=sr_1_45?crid=1QJ2Z0KOR688P&keywords=eyeshadow&qid=1668625740&sprefix=eyeshadow%2Caps%2C92&sr=8-45,"Eyeshadow Palette by Almay, Longlasting Eye Makeup, Single Shade Eye Color in Matte, Metallic, Satin and Glitter Finish, Hypoallergenic, 130 The World Is My Oyster, 0.1 Oz",0.12 Ounce (Pack of 1),4.3 out of 5 stars,"6,903",$6.59,"FREE delivery Tue, Nov 22 on $25 of items shipped by AmazonOr fastest delivery Fri, Nov 18|",B075KDZ1C1,https://m.media-amazon.com/images/I/71K53QpZlLL._AC_UL320_.jpg
2160,https://www.amazon.com/Revlon-ColorStay-Shadow-Palette-Romantic/dp/B0184KD50Y/ref=sr_1_46?crid=1QJ2Z0KOR688P&keywords=eyeshadow&qid=1668625740&sprefix=eyeshadow%2Caps%2C92&sr=8-46,"Revlon ColorStay Not Just Nudes Shadow Palette, Romantic Nudes",0.5 Ounce (Pack of 1),4.4 out of 5 stars,466,$7.80,FREE delivery Nov 21 - 23,B0184KD50Y,https://m.media-amazon.com/images/I/61E0YEiZvSL._AC_UL320_.jpg
2161,https://www.amazon.com/Revlon-Fierce-Prismatic-Shadow-Palette/dp/B086X7DMLY/ref=sr_1_47?crid=1QJ2Z0KOR688P&keywords=eyeshadow&qid=1668625740&sprefix=eyeshadow%2Caps%2C92&sr=8-47,"Eyeshadow Palette by Revlon, So Fierce Prismatic Eye Makeup, Ultra Creamy Pigmented in Blendable Matte & Pearl Finishes, 961 That's A Dub, 0.21 Oz",0.21 Ounce (Pack of 1),4.4 out of 5 stars,"4,872",$9.62,"FREE delivery Tue, Nov 22 on $25 of items shipped by AmazonOr fastest delivery Fri, Nov 18|",B086X7DMLY,https://m.media-amazon.com/images/I/A1Q6KfKuxfL._AC_UL320_.jpg
2162,https://www.amazon.com/Wet-Wild-Makeup-Palette-LongWear/dp/B08RRWWVTK/ref=sr_1_48?crid=1QJ2Z0KOR688P&keywords=eyeshadow&qid=1668625740&sprefix=eyeshadow%2Caps%2C92&sr=8-48,"Wet n Wild Color Icon Eyeshadow Makeup 5 Pan Palette, My Lucky Charm, Matte, Shimmer, Metallic, Long Wearing, Rich Buttery Pigment, Cruelty Free",0.21 Ounce (Pack of 1),4.3 out of 5 stars,"3,088",$2.98,"FREE delivery Tue, Nov 22 on $25 of items shipped by AmazonOr fastest delivery Fri, Nov 18|",B08RRWWVTK,https://m.media-amazon.com/images/I/91qB3ZxBwlL._AC_UL320_.jpg
2163,https://www.amazon.com/Shimmer-Eyeshadow-Vodisa-Waterproof-Cosmetics/dp/B073PCY8SH/ref=sr_1_49?crid=1QJ2Z0KOR688P&keywords=eyeshadow&qid=1668625740&sprefix=eyeshadow%2Caps%2C92&sr=8-49,"Matte and Shimmer Eyeshadow Palette, Vodisa 25 Long Lasting Blendable Warm Eye Shadows Glitter Makeup Kit Make Up Brushes Set Nude Smoky Waterproof Beauty Cosmetics High Pigment Powder Pallet 25B",7 Piece Set,4.3 out of 5 stars,"3,924",$14.99,"FREE delivery Tue, Nov 22 on $25 of items shipped by AmazonOr fastest delivery Fri, Nov 18|",B073PCY8SH,https://m.media-amazon.com/images/I/81kFGZGkJ8L._AC_UL320_.jpg
2164,https://www.amazon.com/FOCALLURE-Eyeshadow-Waterproof-Highlighter-Straight-up/dp/B09F6DPPYS/ref=sr_1_50?crid=1QJ2Z0KOR688P&keywords=eyeshadow&qid=1668625740&sprefix=eyeshadow%2Caps%2C92&sr=8-50,"FOCALLURE 2 Pcs Cream Eyeshadow Stick,Shimmer Eyeshadow Pencil Crayon,High Pigmented Eye Shadow Pen,Waterproof Long Lasting Eye Highlighter Stick,Straight-up Classy",2 Count (Pack of 1),3.9 out of 5 stars,"3,389",$12.99,"FREE delivery Tue, Nov 22 on $25 of items shipped by AmazonOr fastest delivery Fri, Nov 18|",B09F6DPPYS,https://m.media-amazon.com/images/I/81RJk5QBjgL._AC_UL320_.jpg
2165,https://www.amazon.com/UCANBE-Professional-Eyeshadow-Waterproof-Highlighter/dp/B08GP3CFLC/ref=sr_1_51?crid=1QJ2Z0KOR688P&keywords=eyeshadow&qid=1668625740&sprefix=eyeshadow%2Caps%2C92&sr=8-51,UCANBE Professional 86 Colors Eyeshadow Palette with 15pcs Makeup Brushes Set Matte Glitter Long Lasting Highly Pigmented Waterproof Contour Blush Powder Highlighter All in One,18 Piece Set,4.7 out of 5 stars,"3,805",$18.99,"FREE delivery Tue, Nov 22 on $25 of items shipped by AmazonOr fastest delivery Fri, Nov 18|",B08GP3CFLC,https://m.media-amazon.com/images/I/815DYZZ3CoL._AC_UL320_.jpg
2166,https://www.amazon.com/LOreal-Paris-Makeup-Powder-Eyeshadow/dp/B01643G5E6/ref=sr_1_52?crid=1QJ2Z0KOR688P&keywords=eyeshadow&qid=1668625740&sprefix=eyeshadow%2Caps%2C92&sr=8-52,"L'Oréal Paris Colour Riche Monos Eyeshadow, Paris Beach, 0.12 oz. (K1956300)",0.12 Ounce (Pack of 1),4.0 out of 5 stars,"4,657",$5.99,"FREE delivery Tue, Nov 22 on $25 of items shipped by AmazonOr fastest delivery Fri, Nov 18|",B01643G5E6,https://m.media-amazon.com/images/I/415IlDxnyiL._AC_UL320_.jpg
2167,https://www.amazon.com/Pacifica-Beauty-Shadow-Nudes-Ounce/dp/B071WQMP29/ref=sr_1_53?crid=1QJ2Z0KOR688P&keywords=eyeshadow&qid=1668625740&sprefix=eyeshadow%2Caps%2C92&sr=8-53,"Pacifica Beauty, Pink Nudes Mineral Eyeshadow Palette, 10 Neutral Shades, For Natural or Smoky Eye Look, Eye Makeup, Longwearing and Blendable, Infused with Coconut Water, 100% Vegan and Cruelty Free",0.2 Ounce (Pack of 1),4.5 out of 5 stars,"2,215",$16.85,"FREE delivery Tue, Nov 22 on $25 of items shipped by AmazonOr fastest delivery Fri, Nov 18|",B071WQMP29,https://m.media-amazon.com/images/I/71juS7ZS1NL._AC_UL320_.jpg
2168,https://www.amazon.com/LOreal-Paris-Makeup-Powder-Eyeshadow/dp/B06XF25P4D/ref=sr_1_54?crid=1QJ2Z0KOR688P&keywords=eyeshadow&qid=1668625740&sprefix=eyeshadow%2Caps%2C92&sr=8-54,"L'Oreal Paris Colour Riche Monos Eyeshadow, Matte Chill, 0.12 oz.",0.12 Ounce (Pack of 1),3.8 out of 5 stars,"1,882",$4.97,"FREE delivery Tue, Nov 22 on $25 of items shipped by AmazonOr fastest delivery Fri, Nov 18|",B06XF25P4D,https://m.media-amazon.com/images/I/815-CbBW4qL._AC_UL320_.jpg
2169,https://www.amazon.com/UCANBE-Spotlight-Eyeshadow-Professional-Waterproof/dp/B07YC98BF8/ref=sr_1_55?crid=1QJ2Z0KOR688P&keywords=eyeshadow&qid=1668625740&sprefix=eyeshadow%2Caps%2C92&sr=8-55,UCANBE Spotlight Eyeshadow Palette Professional 40 Color Eye Shadow Matte Shimmer Makeup Pallet Highly Pigmented Colorful Powder Long Lasting Waterproof Eye Shadow,1 Count (Pack of 1),4.6 out of 5 stars,"8,012",$12.49,"FREE delivery Tue, Nov 22 on $25 of items shipped by AmazonOr fastest delivery Fri, Nov 18|",B07YC98BF8,https://m.media-amazon.com/images/I/71ivAzzGXdL._AC_UL320_.jpg
2170,https://www.amazon.com/EyeShadow-Palette-Eyeshadow-eyeshadow-waterproof/dp/B09J26QFT3/ref=sr_1_56?crid=1QJ2Z0KOR688P&keywords=eyeshadow&qid=1668625740&sprefix=eyeshadow%2Caps%2C92&sr=8-56,"Dark Brown EyeShadow Palette, Copper Eyeshadow glitter brown matte Shimmer Makeup Eyeshadow Pallet,Hazel Eyes Eyeshadow Palette ,smokey eye eyeshadow palette waterproof Long Lasting(C)",0.63 Ounce (Pack of 1),3.8 out of 5 stars,925,$6.98,"FREE delivery Tue, Nov 22 on $25 of items shipped by AmazonOr fastest delivery Fri, Nov 18|",B09J26QFT3,https://m.media-amazon.com/images/I/71As6t0rGBL._AC_UL320_.jpg
2171,https://www.amazon.com/HAUS-LABORATORIES-Lady-Gaga-Eyeshadow/dp/B07YHMR1TP/ref=sr_1_57?crid=1QJ2Z0KOR688P&keywords=eyeshadow&qid=1668625740&sprefix=eyeshadow%2Caps%2C92&sr=8-57,"HAUS LABORATORIES By Lady Gaga: GLAM ROOM PALETTE NO. 1: FAME | 10-Shade Eyeshadow Palette, Blendable & Buildable Eye Makeup with Pigmented Matte, Metallic, Shimmer, and Sparkle Finishes",($9.95/Count),4.7 out of 5 stars,"3,800",$9.95,"FREE delivery Tue, Nov 22 on $25 of items shipped by AmazonOr fastest delivery Fri, Nov 18|",B07YHMR1TP,https://m.media-amazon.com/images/I/71LMgw8OQrL._AC_UL320_.jpg
2172,https://www.amazon.com/MAEPEOR-Eyeshadow-Palette-Longlasting-Waterproof/dp/B08WRD6HLB/ref=sr_1_58?crid=1QJ2Z0KOR688P&keywords=eyeshadow&qid=1668625740&sprefix=eyeshadow%2Caps%2C92&sr=8-58,"MAEPEOR Black Grey Silver Smokey Eyeshadow Palette 9 Colors Cool Toned Matte Glitter Eyeshadow Palette Longlasting Waterproof Smoky Eye Shadow for Girls and Women (Set 1, Black Grey Silver)",1 Count (Pack of 1),4.1 out of 5 stars,724,$7.99,"FREE delivery Tue, Nov 22 on $25 of items shipped by AmazonOr fastest delivery Fri, Nov 18|",B08WRD6HLB,https://m.media-amazon.com/images/I/71fQ3xkvMtL._AC_UL320_.jpg
2173,https://www.amazon.com/sspa/click?ie=UTF8&spc=MTo4OTc5Mzc5OTExOTg5NzM5OjE2Njg2MjU3NDA6c3BfYnRmOjIwMDA5NjI2MTE0Mjc5ODo6MDo6&url=%2FEyeshadow-BEPHOLAN-Pigmented-Waterproof-Sweatproof%2Fdp%2FB09XMG9GHP%2Fref%3Dsr_1_59_sspa%3Fcrid%3D1QJ2Z0KOR688P%26keywords%3Deyeshadow%26qid%3D1668625740%26sprefix%3Deyeshadow%252Caps%252C92%26sr%3D8-59-spons%26sp_csd%3Dd2lkZ2V0TmFtZT1zcF9idGY%26psc%3D1,"Eyeshadow Palette,30 Colors Rainbow Eye Shadow,BEPHOLAN Highly Pigmented Makeup Palette,Include Primer and Glitter Eyeshadow,Waterproof And Sweatproof (SPICE)",Sponsored,4.8 out of 5 stars,227,$19.99,"FREE delivery Tue, Nov 22 on $25 of items shipped by AmazonOr fastest delivery Fri, Nov 18|",B09XMG9GHP,https://m.media-amazon.com/images/I/81RXspBNUiL._AC_UL320_.jpg
2174,https://www.amazon.com/sspa/click?ie=UTF8&spc=MTo4OTc5Mzc5OTExOTg5NzM5OjE2Njg2MjU3NDA6c3BfYnRmOjIwMDA2NzIxMDU0MzM5ODo6MDo6&url=%2FCORINGCO-Glitter-Eyeshadow-Sparkle-Romantic%2Fdp%2FB0937FGC6T%2Fref%3Dsr_1_60_sspa%3Fcrid%3D1QJ2Z0KOR688P%26keywords%3Deyeshadow%26qid%3D1668625740%26sprefix%3Deyeshadow%252Caps%252C92%26sr%3D8-60-spons%26sp_csd%3Dd2lkZ2V0TmFtZT1zcF9idGY%26psc%3D1,CORINGCO Eye Glitter Makeup Liquid Eyeshadow Sparkle | Shabam Shabam Romantic Glitter Shadow #02 Lake Light K beauty Makeup Shimmer,Sponsored,4.3 out of 5 stars,41,$9.99,"FREE delivery Tue, Nov 22 on $25 of items shipped by AmazonOr fastest delivery Fri, Nov 18|",B0937FGC6T,https://m.media-amazon.com/images/I/51dgpWG3ynL._AC_UL320_.jpg
2175,https://aax-us-iad.amazon.com/x/c/RNOZVfdz0sC-6OFMyd6jrxQAAAGEgdgzLwEAAAH2AQBOL0EgICAgICAgICAgICBOL0EgICAgICAgICAgICDAS3fP/https://www.amazon.com/dp/B08XBHRS9B?pd_rd_i=B08XBHRS9B&pf_rd_p=55defc4a-7c1e-47a7-8d1d-5cc458cca688&pf_rd_r=ME1NVC79G6ZH41G7BNA7&pd_rd_wg=sphY7&pd_rd_w=GDw4Y&pd_rd_r=8bc601cd-c152-4a1a-90d0-5b047dc8843c,"Alleyoop 11th Hour Cream Eyeshadow Sticks - Taupe Dollar (Matte) - Award-winning - Smudge-Proof and Crease Proof for Over 11 Hours - Easy-To-Apply and Compact for Travel - Cruelty-Free & Vegan, 0.05 Oz",Sponsored,4.5 out of 5 stars,965,$24.99,"FREE delivery Tue, Nov 22 on $25 of items shipped by AmazonOr fastest delivery Fri, Nov 18|",,
2180,https://aax-us-iad.amazon.com/x/c/RIpz-G1mAeD2-9tbL4zLFbUAAAGEgdj9ZgEAAAH2AQBOL0EgICAgICAgICAgICBOL0EgICAgICAgICAgICBllJHw/https://www.amazon.com/stores/page/79B75604-F6A3-4A4C-A1C1-0E08BDE9C962?pd_rd_plhdr=t&pd_rd_w=07sO7&content-id=amzn1.sym.552bcbb2-81a1-4e8b-b868-3fba7d5af42a:amzn1.sym.552bcbb2-81a1-4e8b-b868-3fba7d5af42a&pf_rd_p=552bcbb2-81a1-4e8b-b868-3fba7d5af42a&pf_rd_r=SJMZJJDME03E4GQ5MA4C&pd_rd_wg=iDIQd&pd_rd_r=039eb9a6-5218-4dd0-ab85-b6164e317e11&ref_=sbx_be_s_sparkle_ssd&qid=1668625792&store_ref=SBV_A05241351KX3BG5DS8KN7&lp_asins=B06XDNMPJ1,Find the right Maybelline foundation for you,,,,,,,
2182,https://www.amazon.com/sspa/click?ie=UTF8&spc=MTo2NTg1MjcwMzI5MTUwNzc6MTY2ODYyNTc5MjpzcF9hdGY6MjAwMDU1NzAxMDA4NDk4OjowOjo&url=%2FElizabeth-Arden-Skincaring-Foundation-Hyaluronic%2Fdp%2FB08KYF71B2%2Fref%3Dsr_1_1_sspa%3Fcrid%3D303YN5GGBQF0U%26keywords%3Dfoundation%26qid%3D1668625792%26sprefix%3Dfoundation%252Caps%252C87%26sr%3D8-1-spons%26sp_csd%3Dd2lkZ2V0TmFtZT1zcF9hdGY%26psc%3D1,"Elizabeth Arden Flawless Finish Skincaring Foundation with Hyaluronic Acid, Vitamin C & E",Sponsored,4.3 out of 5 stars,276,$42.00,"FREE delivery Tue, Nov 22 Or fastest delivery Sat, Nov 19|",B08KYF71B2,https://m.media-amazon.com/images/I/7176BjHxYjL._AC_UL320_.jpg
2183,https://www.amazon.com/sspa/click?ie=UTF8&spc=MTo2NTg1MjcwMzI5MTUwNzc6MTY2ODYyNTc5MjpzcF9hdGY6MjAwMDM5MzA3MDEyMzk4OjowOjo&url=%2FElizabeth-Arden-Flawless-Finish-Mousse%2Fdp%2FB002WO8X06%2Fref%3Dsr_1_2_sspa%3Fcrid%3D303YN5GGBQF0U%26keywords%3Dfoundation%26qid%3D1668625792%26sprefix%3Dfoundation%252Caps%252C87%26sr%3D8-2-spons%26sp_csd%3Dd2lkZ2V0TmFtZT1zcF9hdGY%26psc%3D1,Elizabeth Arden Flawless Finish Mousse Makeup,Sponsored,4.6 out of 5 stars,907,$35.00,"FREE delivery Tue, Nov 22 Or fastest delivery Sat, Nov 19|",B002WO8X06,https://m.media-amazon.com/images/I/81OBol5DzyL._AC_UL320_.jpg
2184,https://www.amazon.com/sspa/click?ie=UTF8&spc=MTo2NTg1MjcwMzI5MTUwNzc6MTY2ODYyNTc5MjpzcF9hdGY6MjAwMDczMzY3MDg4NDk4OjowOjo&url=%2FPREMIUM-Liquid-Multi-Use-Concealer-Perfect%2Fdp%2FB097S12276%2Fref%3Dsr_1_3_sspa%3Fcrid%3D303YN5GGBQF0U%26keywords%3Dfoundation%26qid%3D1668625792%26sprefix%3Dfoundation%252Caps%252C87%26sr%3D8-3-spons%26sp_csd%3Dd2lkZ2V0TmFtZT1zcF9hdGY%26psc%3D1,"HIDE PREMIUM Liquid Multi-Use Concealer, SEE SHADE FINDER Below For Perfect Match, Large Bottle 0.5 fl. oz. - Full Coverage Concealer Makeup for Acne Dark Spots Dark Circles Hyperpigmentation and Blemishes Oil Free Concealer, Color For All Skin Types (Light Beige)",Sponsored,3.9 out of 5 stars,"1,570",$23.77,"FREE delivery Tue, Nov 22 on $25 of items shipped by AmazonOr fastest delivery Fri, Nov 18|",B097S12276,https://m.media-amazon.com/images/I/616z86IxLmL._AC_UL320_.jpg
2185,https://www.amazon.com/sspa/click?ie=UTF8&spc=MTo2NTg1MjcwMzI5MTUwNzc6MTY2ODYyNTc5MjpzcF9hdGY6MjAwMDM5MjgxNDU3Mjk4OjowOjo&url=%2FElizabeth-Arden-Flawless-Sponge-Beige-8%2Fdp%2FB00GB2JLEM%2Fref%3Dsr_1_4_sspa%3Fcrid%3D303YN5GGBQF0U%26keywords%3Dfoundation%26qid%3D1668625792%26sprefix%3Dfoundation%252Caps%252C87%26sr%3D8-4-spons%26sp_csd%3Dd2lkZ2V0TmFtZT1zcF9hdGY%26psc%3D1,"Flawless Finish Sponge-On Cream Makeup, Face Makeup by Elizabeth Arden",Sponsored,4.6 out of 5 stars,"4,350",$40.00,"FREE delivery Tue, Nov 22 Or fastest delivery Sat, Nov 19|",B00GB2JLEM,https://m.media-amazon.com/images/I/71afYba1nsL._AC_UL320_.jpg
2186,https://www.amazon.com/Maybelline-Poreless-Foundation-Natural-Oil-Free/dp/B00PFCSURS/ref=sr_1_5?crid=303YN5GGBQF0U&keywords=foundation&qid=1668625792&sprefix=foundation%2Caps%2C87&sr=8-5,"Maybelline Fit Me Matte + Poreless Liquid Foundation Makeup, Natural Beige, 1 fl; oz; Oil-Free Foundation",1 Fl Oz (Pack of 1),4.5 out of 5 stars,"110,056",$6.94,"FREE delivery Tue, Nov 22 on $25 of items shipped by AmazonOr fastest delivery Fri, Nov 18|",B00PFCSURS,https://m.media-amazon.com/images/I/71v7ECrH7lS._AC_UL320_.jpg
2187,https://www.amazon.com/l-f-Cosmetics-flawless-foundation-lightweight/dp/B07MWMY1HS/ref=sr_1_6?crid=303YN5GGBQF0U&keywords=foundation&qid=1668625792&sprefix=foundation%2Caps%2C87&sr=8-6,"e.l.f. Flawless Finish Foundation, Improves Uneven Skin Tone, Lightweight, Medium Coverage & Semi-Matte, Vegan & Cruelty-Free, Buff, 0.68 Fl Oz",0.68 Fl Oz (Pack of 1),4.3 out of 5 stars,"21,336",$3.30,"FREE delivery Tue, Nov 22 on $25 of items shipped by AmazonOr fastest delivery Fri, Nov 18|",B07MWMY1HS,https://m.media-amazon.com/images/I/61AHmgAl2lL._AC_UL320_.jpg
2188,https://www.amazon.com/Maybelline-Smooth-Foundation-Medium-Packaging/dp/B0046VIKDS/ref=sr_1_7?crid=303YN5GGBQF0U&keywords=foundation&qid=1668625792&sprefix=foundation%2Caps%2C87&sr=8-7,"Maybelline Fit Me Dewy + Smooth Foundation Makeup, Medium Buff, 1 Count",1 Fl Oz (Pack of 1),4.4 out of 5 stars,"28,386",$6.94,"FREE delivery Tue, Nov 22 on $25 of items shipped by AmazonOr fastest delivery Fri, Nov 18|",B0046VIKDS,https://m.media-amazon.com/images/I/71AIeohqTxL._AC_UL320_.jpg
2189,https://www.amazon.com/sspa/click?ie=UTF8&spc=MTo0MjA2ODc2MzM2MTQ1MjQ5OjE2Njg2MjU3OTI6c3Bfc2VhcmNoX3RoZW1hdGljOjIwMDAzOTI4MTQ1NzI5ODo6MDo6&url=%2FElizabeth-Arden-Flawless-Sponge-Beige-8%2Fdp%2FB00GB2JLEM%2Fref%3Dsxin_16_pa_sp_search_thematic_sspa%3Fcontent-id%3Damzn1.sym.4e7a2229-074e-44de-95c4-9fd858f46295%253Aamzn1.sym.4e7a2229-074e-44de-95c4-9fd858f46295%26crid%3D303YN5GGBQF0U%26cv_ct_cx%3Dfoundation%26keywords%3Dfoundation%26pd_rd_i%3DB00GB2JLEM%26pd_rd_r%3D9eef4e09-f60f-44c0-a39e-7aa2a6097322%26pd_rd_w%3Dc3u0D%26pd_rd_wg%3DHewhi%26pf_rd_p%3D4e7a2229-074e-44de-95c4-9fd858f46295%26pf_rd_r%3DSJMZJJDME03E4GQ5MA4C%26qid%3D1668625792%26sprefix%3Dfoundation%252Caps%252C87%26sr%3D1-1-a73d1c8c-2fd2-4f19-aa41-2df022bcb241-spons%26sp_csd%3Dd2lkZ2V0TmFtZT1zcF9zZWFyY2hfdGhlbWF0aWM%26psc%3D1,"Flawless Finish Sponge-On Cream Makeup, Face Makeup by Elizabeth Arden",0.8 Ounce (Pack of 1),4.6 out of 5 stars|4.2 out of 5 stars|4.4 out of 5 stars|4.3 out of 5 stars|4.2 out of 5 stars,"4,350|13,838|8,476|1,952|9,856",$40.00,"Small Business|Small Business|Small Business|<img alt="""" src=""https://m.media-amazon.com/images/I/111mHoVK0kL._SS200_.png"" height=""50px"" width=""50px""/>  Small Business|<img alt="""" src=""https://m.media-amazon.com/images/I/111mHoVK0kL._SS200_.png"" height=""50px"" width=""50px""/>  Small Business|Small Business|Small Business|Small Business|<img alt="""" src=""https://m.media-amazon.com/images/I/111mHoVK0kL._SS200_.png"" height=""50px"" width=""50px""/>  Small Business|<img alt="""" src=""https://m.media-amazon.com/images/I/111mHoVK0kL._SS200_.png"" height=""50px"" width=""50px""/>  Small Business",,https://m.media-amazon.com/images/I/71afYba1nsL._AC_UL320_.jpg|https://m.media-amazon.com/images/I/71J-nynsFHL._AC_UL320_.jpg|https://m.media-amazon.com/images/I/111mHoVK0kL._SS200_.png||https://m.media-amazon.com/images/I/61pbIIHRaRL._AC_UL320_.jpg|https://m.media-amazon.com/images/I/71F0XRpeMKL._AC_UL320_.jpg|https://m.media-amazon.com/images/I/111mHoVK0kL._SS200_.png||https://m.media-amazon.com/images/I/51FXECU4pJL._AC_UL320_.jpg
2190,https://www.amazon.com/sspa/click?ie=UTF8&spc=MTo0MjA2ODc2MzM2MTQ1MjQ5OjE2Njg2MjU3OTI6c3Bfc2VhcmNoX3RoZW1hdGljOjIwMDAzOTI4MTQ1NzI5ODo6MDo6&url=%2FElizabeth-Arden-Flawless-Sponge-Beige-8%2Fdp%2FB00GB2JLEM%2Fref%3Dsxin_16_pa_sp_search_thematic_sspa%3Fcontent-id%3Damzn1.sym.4e7a2229-074e-44de-95c4-9fd858f46295%253Aamzn1.sym.4e7a2229-074e-44de-95c4-9fd858f46295%26crid%3D303YN5GGBQF0U%26cv_ct_cx%3Dfoundation%26keywords%3Dfoundation%26pd_rd_i%3DB00GB2JLEM%26pd_rd_r%3D9eef4e09-f60f-44c0-a39e-7aa2a6097322%26pd_rd_w%3Dc3u0D%26pd_rd_wg%3DHewhi%26pf_rd_p%3D4e7a2229-074e-44de-95c4-9fd858f46295%26pf_rd_r%3DSJMZJJDME03E4GQ5MA4C%26qid%3D1668625792%26sprefix%3Dfoundation%252Caps%252C87%26sr%3D1-1-a73d1c8c-2fd2-4f19-aa41-2df022bcb241-spons%26sp_csd%3Dd2lkZ2V0TmFtZT1zcF9zZWFyY2hfdGhlbWF0aWM%26psc%3D1,"Flawless Finish Sponge-On Cream Makeup, Face Makeup by Elizabeth Arden",0.8 Ounce (Pack of 1),4.6 out of 5 stars,"4,350",$40.00,,B00GB2JLEM,https://m.media-amazon.com/images/I/71afYba1nsL._AC_UL320_.jpg
2191,https://www.amazon.com/sspa/click?ie=UTF8&spc=MTo0MjA2ODc2MzM2MTQ1MjQ5OjE2Njg2MjU3OTI6c3Bfc2VhcmNoX3RoZW1hdGljOjIwMDA5NzY4NDEzMjE5ODo6MTo6&url=%2FLaura-Geller-Balance-n-Brighten-Correcting-Foundation%2Fdp%2FB0725YPBPR%2Fref%3Dsxin_16_pa_sp_search_thematic_sspa%3Fcontent-id%3Damzn1.sym.4e7a2229-074e-44de-95c4-9fd858f46295%253Aamzn1.sym.4e7a2229-074e-44de-95c4-9fd858f46295%26crid%3D303YN5GGBQF0U%26cv_ct_cx%3Dfoundation%26keywords%3Dfoundation%26pd_rd_i%3DB0725YPBPR%26pd_rd_r%3D9eef4e09-f60f-44c0-a39e-7aa2a6097322%26pd_rd_w%3Dc3u0D%26pd_rd_wg%3DHewhi%26pf_rd_p%3D4e7a2229-074e-44de-95c4-9fd858f46295%26pf_rd_r%3DSJMZJJDME03E4GQ5MA4C%26qid%3D1668625792%26sprefix%3Dfoundation%252Caps%252C87%26sr%3D1-2-a73d1c8c-2fd2-4f19-aa41-2df022bcb241-spons%26sp_csd%3Dd2lkZ2V0TmFtZT1zcF9zZWFyY2hfdGhlbWF0aWM%26psc%3D1%26smid%3DA107LV0WKN7KME,"LAURA GELLER NEW YORK Baked Balance-N-Brighten Color Correcting Powder Foundation, Medium",1 Count (Pack of 1),4.2 out of 5 stars,"13,838",$34.00,"Small Business|Small Business|Small Business|<img alt="""" src=""https://m.media-amazon.com/images/I/111mHoVK0kL._SS200_.png"" height=""50px"" width=""50px""/>  Small Business|<img alt="""" src=""https://m.media-amazon.com/images/I/111mHoVK0kL._SS200_.png"" height=""50px"" width=""50px""/>  Small Business",B0725YPBPR,https://m.media-amazon.com/images/I/71J-nynsFHL._AC_UL320_.jpg|https://m.media-amazon.com/images/I/111mHoVK0kL._SS200_.png|
2192,https://www.amazon.com/sspa/click?ie=UTF8&spc=MTo0MjA2ODc2MzM2MTQ1MjQ5OjE2Njg2MjU3OTI6c3Bfc2VhcmNoX3RoZW1hdGljOjIwMDAyOTk2NzUwNTY5ODo6Mjo6&url=%2FLOreal-Paris-Hyaluronic-Tinted-Foundation%2Fdp%2FB09HL99JZW%2Fref%3Dsxin_16_pa_sp_search_thematic_sspa%3Fcontent-id%3Damzn1.sym.4e7a2229-074e-44de-95c4-9fd858f46295%253Aamzn1.sym.4e7a2229-074e-44de-95c4-9fd858f46295%26crid%3D303YN5GGBQF0U%26cv_ct_cx%3Dfoundation%26keywords%3Dfoundation%26pd_rd_i%3DB09HL99JZW%26pd_rd_r%3D9eef4e09-f60f-44c0-a39e-7aa2a6097322%26pd_rd_w%3Dc3u0D%26pd_rd_wg%3DHewhi%26pf_rd_p%3D4e7a2229-074e-44de-95c4-9fd858f46295%26pf_rd_r%3DSJMZJJDME03E4GQ5MA4C%26qid%3D1668625792%26sprefix%3Dfoundation%252Caps%252C87%26sr%3D1-3-a73d1c8c-2fd2-4f19-aa41-2df022bcb241-spons%26sp_csd%3Dd2lkZ2V0TmFtZT1zcF9zZWFyY2hfdGhlbWF0aWM%26psc%3D1,"L'Oreal Paris True Match Nude Hyaluronic Tinted Serum Foundation with 1% Hyaluronic acid, Rosy Light 1-2.5, 1 fl. oz.",1 Fl Oz (Pack of 1),4.4 out of 5 stars,"8,476",$14.97,,B09HL99JZW,https://m.media-amazon.com/images/I/61pbIIHRaRL._AC_UL320_.jpg
2193,https://www.amazon.com/sspa/click?ie=UTF8&spc=MTo0MjA2ODc2MzM2MTQ1MjQ5OjE2Njg2MjU3OTI6c3Bfc2VhcmNoX3RoZW1hdGljOjIwMDAyMzI3MzU4MTQ5ODo6Mzo6&url=%2FCosmetics-Better-Foundation-Skincare-Medium%2Fdp%2FB08KGPL4XL%2Fref%3Dsxin_16_pa_sp_search_thematic_sspa%3Fcontent-id%3Damzn1.sym.4e7a2229-074e-44de-95c4-9fd858f46295%253Aamzn1.sym.4e7a2229-074e-44de-95c4-9fd858f46295%26crid%3D303YN5GGBQF0U%26cv_ct_cx%3Dfoundation%26keywords%3Dfoundation%26pd_rd_i%3DB08KGPL4XL%26pd_rd_r%3D9eef4e09-f60f-44c0-a39e-7aa2a6097322%26pd_rd_w%3Dc3u0D%26pd_rd_wg%3DHewhi%26pf_rd_p%3D4e7a2229-074e-44de-95c4-9fd858f46295%26pf_rd_r%3DSJMZJJDME03E4GQ5MA4C%26qid%3D1668625792%26sprefix%3Dfoundation%252Caps%252C87%26sr%3D1-4-a73d1c8c-2fd2-4f19-aa41-2df022bcb241-spons%26sp_csd%3Dd2lkZ2V0TmFtZT1zcF9zZWFyY2hfdGhlbWF0aWM%26psc%3D1%26smid%3DA32GOXAC8X4KTS,"IT Cosmetics Your Skin But Better Foundation + Skincare, Medium Cool 36 - Hydrating Coverage - Minimizes Pores & Imperfections, Natural Radiant Finish - With Hyaluronic Acid - 1.0 fl oz",1 Fl Oz (Pack of 1),4.3 out of 5 stars,"1,952",$44.00,"Small Business|Small Business|Small Business|<img alt="""" src=""https://m.media-amazon.com/images/I/111mHoVK0kL._SS200_.png"" height=""50px"" width=""50px""/>  Small Business|<img alt="""" src=""https://m.media-amazon.com/images/I/111mHoVK0kL._SS200_.png"" height=""50px"" width=""50px""/>  Small Business",B08KGPL4XL,https://m.media-amazon.com/images/I/71F0XRpeMKL._AC_UL320_.jpg|https://m.media-amazon.com/images/I/111mHoVK0kL._SS200_.png|
2194,https://www.amazon.com/sspa/click?ie=UTF8&spc=MTo0MjA2ODc2MzM2MTQ1MjQ5OjE2Njg2MjU3OTI6c3Bfc2VhcmNoX3RoZW1hdGljOjIwMDAzNTU0MDEwMjU5ODo6NDo6&url=%2FM-Asam-Lightweight-Wrinkle-Filling-Foundation%2Fdp%2FB01N5QC1CL%2Fref%3Dsxin_16_pa_sp_search_thematic_sspa%3Fcontent-id%3Damzn1.sym.4e7a2229-074e-44de-95c4-9fd858f46295%253Aamzn1.sym.4e7a2229-074e-44de-95c4-9fd858f46295%26crid%3D303YN5GGBQF0U%26cv_ct_cx%3Dfoundation%26keywords%3Dfoundation%26pd_rd_i%3DB01N5QC1CL%26pd_rd_r%3D9eef4e09-f60f-44c0-a39e-7aa2a6097322%26pd_rd_w%3Dc3u0D%26pd_rd_wg%3DHewhi%26pf_rd_p%3D4e7a2229-074e-44de-95c4-9fd858f46295%26pf_rd_r%3DSJMZJJDME03E4GQ5MA4C%26qid%3D1668625792%26sprefix%3Dfoundation%252Caps%252C87%26sr%3D1-5-a73d1c8c-2fd2-4f19-aa41-2df022bcb241-spons%26sp_csd%3Dd2lkZ2V0TmFtZT1zcF9zZWFyY2hfdGhlbWF0aWM%26psc%3D1%26smid%3DACWKW8MNUAWIA,"M. Asam Magic Finish Make-up Mousse – 4in1 Primer, Foundation, Concealer & Powder, leaves skin looking flawless, natural & mattified, 1.01 Fl Oz",1.01 Fl Oz (Pack of 1),4.2 out of 5 stars,"9,856",$29.96,,B01N5QC1CL,https://m.media-amazon.com/images/I/51FXECU4pJL._AC_UL320_.jpg
2196,https://www.amazon.com/Estee-Lauder-Double-Place-Makeup/dp/B0009TRBCM/ref=sr_1_8?crid=303YN5GGBQF0U&keywords=foundation&qid=1668625792&sprefix=foundation%2Caps%2C87&sr=8-8,"Estee Lauder Double Wear Stay-in-Place Makeup, 2C3 Fresco, 30 ml (Model: 027131969686)",1 Fl Oz (Pack of 1),4.8 out of 5 stars,"1,533",$24.74,"FREE delivery Tue, Nov 22 Or fastest delivery Sat, Nov 19",B0009TRBCM,https://m.media-amazon.com/images/I/51piXahYKlL._AC_UL320_.jpg
2197,https://www.amazon.com/Catrice-HD-Liquid-Foundation-Coverage/dp/B01LXJ0GF3/ref=sr_1_9?crid=303YN5GGBQF0U&keywords=foundation&qid=1668625792&sprefix=foundation%2Caps%2C87&sr=8-9,Catrice | HD Liquid Coverage Foundation | High & Natural Coverage | Vegan & Cruelty Free (010 | Light Beige),1 Fl Oz (Pack of 1),4.3 out of 5 stars,"11,503",$10.00,"FREE delivery Tue, Nov 22 on $25 of items shipped by AmazonOr fastest delivery Sat, Nov 19||Small Business|Small Business|Small Business|<img alt="""" src=""https://m.media-amazon.com/images/I/111mHoVK0kL._SS200_.png"" height=""50px"" width=""50px""/>  Small Business|<img alt="""" src=""https://m.media-amazon.com/images/I/111mHoVK0kL._SS200_.png"" height=""50px"" width=""50px""/>  Small Business",B01LXJ0GF3,https://m.media-amazon.com/images/I/41uH6GLF9EL._AC_UL320_.jpg|https://m.media-amazon.com/images/I/111mHoVK0kL._SS200_.png|
2198,https://www.amazon.com/Photo-Focus-Foundation-Beige-Packaging/dp/B01MY7M3R8/ref=sr_1_10?crid=303YN5GGBQF0U&keywords=foundation&qid=1668625792&sprefix=foundation%2Caps%2C87&sr=8-10,Wet n Wild Photo Focus Matte Liquid Foundation Soft Beige,1 Fl Oz (Pack of 1),4.3 out of 5 stars,"19,927",$4.99,"FREE delivery Tue, Nov 22 on $25 of items shipped by AmazonOr fastest delivery Fri, Nov 18|",B01MY7M3R8,https://m.media-amazon.com/images/I/71Chj99FU3L._AC_UL320_.jpg
2199,https://www.amazon.com/Rimmel-Foundation-Bottle-Naturally-Flawless/dp/B00EY9MJR0/ref=sr_1_11?crid=303YN5GGBQF0U&keywords=foundation&qid=1668625792&sprefix=foundation%2Caps%2C87&sr=8-11,"Rimmel Stay Matte Foundation, Ivory, 1 Fluid Ounce",1 Fl Oz (Pack of 1),4.4 out of 5 stars,"12,114",$2.40,"FREE delivery Tue, Nov 22 on $25 of items shipped by AmazonOr fastest delivery Fri, Nov 18|",B00EY9MJR0,https://m.media-amazon.com/images/I/61J1ykd9oIL._AC_UL320_.jpg
2200,https://www.amazon.com/LOreal-Paris-Infallible-Pro-Glow-Foundation/dp/B01DPA6JXS/ref=sr_1_12?crid=303YN5GGBQF0U&keywords=foundation&qid=1668625792&sprefix=foundation%2Caps%2C87&sr=8-12,"L'Oreal Paris Makeup Infallible Up to 24HR Pro-Glow Foundation, 202 Creamy Natural, 1 fl; oz.",1 Fl Oz (Pack of 1),4.5 out of 5 stars,"12,680",$6.45,"FREE delivery Tue, Nov 22 on $25 of items shipped by AmazonOr fastest delivery Fri, Nov 18|",B01DPA6JXS,https://m.media-amazon.com/images/I/61Zonbf0yfL._AC_UL320_.jpg
2201,https://www.amazon.com/LOreal-Paris-Infallible-Foundation-Lightweight/dp/B07X82S53H/ref=sr_1_13?crid=303YN5GGBQF0U&keywords=foundation&qid=1668625792&sprefix=foundation%2Caps%2C87&sr=8-13,"L'Oreal Paris Makeup Infallible Up to 24 Hour Fresh Wear Foundation, Beige Ivory, 1 Ounce",1 Fl Oz (Pack of 1),4.5 out of 5 stars,"15,151",$11.22,"FREE delivery Tue, Nov 22 on $25 of items shipped by AmazonOr fastest delivery Fri, Nov 18|",B07X82S53H,https://m.media-amazon.com/images/I/717YlEvD83L._AC_UL320_.jpg
2202,https://aax-us-iad.amazon.com/x/c/RBcSMC25yFVPaEASqUtdqU0AAAGEgdj9ZQEAAAH2AQBOL0EgICAgICAgICAgICBOL0EgICAgICAgICAgICDD2mW1/https://www.amazon.com/dp/B09J5JV8C1?pd_rd_i=B09J5JV8C1&pf_rd_p=b000e0a0-9e93-480f-bf78-a83c8136dfcb&pf_rd_r=SJMZJJDME03E4GQ5MA4C&pd_rd_wg=Hewhi&pd_rd_w=1ErBE&pd_rd_r=9eef4e09-f60f-44c0-a39e-7aa2a6097322,"Maybelline New York Instant Age Rewind Instant Perfector 4-In-1 Matte Makeup, 04 Medium/Deep, 1 Count",Sponsored,3.8 out of 5 stars,"2,189",$10.82,"FREE delivery Tue, Nov 22 on $25 of items shipped by AmazonOr fastest delivery Fri, Nov 18|",,
2203,https://www.amazon.com/sspa/click?ie=UTF8&spc=MTo2OTYxMTU3MjUyNTkwMDcyOjE2Njg2MjU3OTI6c3Bfc2VhcmNoX3RoZW1hdGljOjo6MDpCMDdQQlM3S0QyOnNlYXJjaA&url=%2FDermacol-Make-up-Cover-Waterproof-Hypoallergenic%2Fdp%2FB07PBS7KD2%2Fref%3Dsxin_25_pa_sp_search_thematic-asin_sspa%3Fcontent-id%3Damzn1.sym.4228d1d7-b9a2-4dcc-9504-1ef42bcf486a%253Aamzn1.sym.4228d1d7-b9a2-4dcc-9504-1ef42bcf486a%26crid%3D303YN5GGBQF0U%26cv_ct_cx%3Dfoundation%26keywords%3Dfoundation%26pd_rd_i%3DB07PBS7KD2%26pd_rd_r%3D9eef4e09-f60f-44c0-a39e-7aa2a6097322%26pd_rd_w%3DnQv6H%26pd_rd_wg%3DHewhi%26pf_rd_p%3D4228d1d7-b9a2-4dcc-9504-1ef42bcf486a%26pf_rd_r%3DSJMZJJDME03E4GQ5MA4C%26qid%3D1668625792%26sprefix%3Dfoundation%252Caps%252C87%26sr%3D1-1-4a643ae4-6005-4b15-bc31-2c5125e2b25b-spons%26sp_csd%3Dd2lkZ2V0TmFtZT1zcF9zZWFyY2hfdGhlbWF0aWM%26psc%3D1,"Dermacol - Full Coverage Foundation, Liquid Makeup Matte Foundation with SPF 30, Waterproof Foundation for Oily Skin, Acne, & Under Eye Bags, Long-Lasting Makeup Products, 30g, Shade 228",1.05 Ounce (Pack of 1),4.0 out of 5 stars|4.5 out of 5 stars|4.4 out of 5 stars|4.6 out of 5 stars|4.3 out of 5 stars|4.5 out of 5 stars|4.4 out of 5 stars|4.4 out of 5 stars,"27,457|21,417|20,683|385|14,367|12,680|12,114|11,699",$19.49,"Climate Pledge Friendly|Climate Pledge Friendly|Climate Pledge Friendly|<img alt="""" src=""https://m.media-amazon.com/images/I/216-OX9rBaL._SS200_.png"" height=""50px"" width=""50px""/>  Climate Pledge Friendly|<img alt="""" src=""https://m.media-amazon.com/images/I/216-OX9rBaL._SS200_.png"" height=""50px"" width=""50px""/>  Climate Pledge Friendly|<img alt="""" src=""https://m.media-amazon.com/images/I/41Y2L-DZWfL._SS200_.png"" height=""50px"" width=""50px""/> Compact by Design (Certified by Amazon)|Climate Pledge Friendly|Climate Pledge Friendly|Climate Pledge Friendly|<img alt="""" src=""https://m.media-amazon.com/images/I/216-OX9rBaL._SS200_.png"" height=""50px"" width=""50px""/>  Climate Pledge Friendly|<img alt="""" src=""https://m.media-amazon.com/images/I/216-OX9rBaL._SS200_.png"" height=""50px"" width=""50px""/>  Climate Pledge Friendly|<img alt="""" src=""https://m.media-amazon.com/images/I/41Y2L-DZWfL._SS200_.png"" height=""50px"" width=""50px""/> Compact by Design (Certified by Amazon)|Climate Pledge Friendly|Climate Pledge Friendly|Climate Pledge Friendly|<img alt="""" src=""https://m.media-amazon.com/images/I/216-OX9rBaL._SS200_.png"" height=""50px"" width=""50px""/>  Climate Pledge Friendly|<img alt="""" src=""https://m.media-amazon.com/images/I/216-OX9rBaL._SS200_.png"" height=""50px"" width=""50px""/>  Climate Pledge Friendly|<img alt="""" src=""https://m.media-amazon.com/images/I/41Y2L-DZWfL._SS200_.png"" height=""50px"" width=""50px""/> Compact by Design (Certified by Amazon)|Climate Pledge Friendly  Small Business|Climate Pledge Friendly|Climate Pledge Friendly|Small Business|Small Business|<img alt="""" src=""https://m.media-amazon.com/images/I/216-OX9rBaL._SS200_.png"" height=""50px"" width=""50px""/>  Climate Pledge Friendly|<img alt="""" src=""https://m.media-amazon.com/images/I/216-OX9rBaL._SS200_.png"" height=""50px"" width=""50px""/>  Climate Pledge Friendly|<img alt="""" src=""https://m.media-amazon.com/images/I/51Xs1-s-2hL._SS200_.jpg"" height=""50px"" width=""50px""/> Natrue|<img alt="""" src=""https://m.media-amazon.com/images/I/111mHoVK0kL._SS200_.png"" height=""50px"" width=""50px""/>  Small Business|<img alt="""" src=""https://m.media-amazon.com/images/I/111mHoVK0kL._SS200_.png"" height=""50px"" width=""50px""/>  Small Business|Climate Pledge Friendly|Climate Pledge Friendly|Climate Pledge Friendly|<img alt="""" src=""https://m.media-amazon.com/images/I/216-OX9rBaL._SS200_.png"" height=""50px"" width=""50px""/>  Climate Pledge Friendly|<img alt="""" src=""https://m.media-amazon.com/images/I/216-OX9rBaL._SS200_.png"" height=""50px"" width=""50px""/>  Climate Pledge Friendly|<img alt="""" src=""https://m.media-amazon.com/images/I/41Y2L-DZWfL._SS200_.png"" height=""50px"" width=""50px""/> Compact by Design (Certified by Amazon)|Climate Pledge Friendly|Climate Pledge Friendly|Climate Pledge Friendly|<img alt="""" src=""https://m.media-amazon.com/images/I/216-OX9rBaL._SS200_.png"" height=""50px"" width=""50px""/>  Climate Pledge Friendly|<img alt="""" src=""https://m.media-amazon.com/images/I/216-OX9rBaL._SS200_.png"" height=""50px"" width=""50px""/>  Climate Pledge Friendly|<img alt="""" src=""https://m.media-amazon.com/images/I/41Y2L-DZWfL._SS200_.png"" height=""50px"" width=""50px""/> Compact by Design (Certified by Amazon)|Climate Pledge Friendly|Climate Pledge Friendly|Climate Pledge Friendly|<img alt="""" src=""https://m.media-amazon.com/images/I/216-OX9rBaL._SS200_.png"" height=""50px"" width=""50px""/>  Climate Pledge Friendly|<img alt="""" src=""https://m.media-amazon.com/images/I/216-OX9rBaL._SS200_.png"" height=""50px"" width=""50px""/>  Climate Pledge Friendly|<img alt="""" src=""https://m.media-amazon.com/images/I/41Y2L-DZWfL._SS200_.png"" height=""50px"" width=""50px""/> Compact by Design (Certified by Amazon)|Climate Pledge Friendly|Climate Pledge Friendly|Climate Pledge Friendly|<img alt="""" src=""https://m.media-amazon.com/images/I/216-OX9rBaL._SS200_.png"" height=""50px"" width=""50px""/>  Climate Pledge Friendly|<img alt="""" src=""https://m.media-amazon.com/images/I/216-OX9rBaL._SS200_.png"" height=""50px"" width=""50px""/>  Climate Pledge Friendly|<img alt="""" src=""https://m.media-amazon.com/images/I/41Y2L-DZWfL._SS200_.png"" height=""50px"" width=""50px""/> Compact by Design (Certified by Amazon)",,https://m.media-amazon.com/images/I/71VBP2pmm6L._AC_UL320_.jpg|https://m.media-amazon.com/images/I/216-OX9rBaL._SS200_.png|||https://m.media-amazon.com/images/I/71-yN1XkCXL._AC_UL320_.jpg|https://m.media-amazon.com/images/I/216-OX9rBaL._SS200_.png|||https://m.media-amazon.com/images/I/71FC7mIgBlL._AC_UL320_.jpg|https://m.media-amazon.com/images/I/216-OX9rBaL._SS200_.png|||https://m.media-amazon.com/images/I/61leifRXGEL._AC_UL320_.jpg|https://m.media-amazon.com/images/I/216-OX9rBaL._SS200_.png|https://m.media-amazon.com/images/I/111mHoVK0kL._SS200_.png||||https://m.media-amazon.com/images/I/51qzqeGkb4L._AC_UL320_.jpg|https://m.media-amazon.com/images/I/216-OX9rBaL._SS200_.png|||https://m.media-amazon.com/images/I/81t2l9L7r0L._AC_UL320_.jpg|https://m.media-amazon.com/images/I/216-OX9rBaL._SS200_.png|||https://m.media-amazon.com/images/I/71Y9DmIyasL._AC_UL320_.jpg|https://m.media-amazon.com/images/I/216-OX9rBaL._SS200_.png|||https://m.media-amazon.com/images/I/71lnqk03nDL._AC_UL320_.jpg|https://m.media-amazon.com/images/I/216-OX9rBaL._SS200_.png||
2205,https://www.amazon.com/BareMinerals-Barepro-Performance-Foundation-Natural/dp/B075H4YFYQ/ref=sr_1_14?crid=303YN5GGBQF0U&keywords=foundation&qid=1668625792&sprefix=foundation%2Caps%2C87&sr=8-14,"BareMinerals Barepro Performance Wear Liquid Foundation SPF 20 Light Natural 09, 1 Fluid Ounce",1 Fl Oz (Pack of 1),4.6 out of 5 stars,"9,048",$24.50,"FREE delivery Tue, Nov 22 on $25 of items shipped by AmazonOr fastest delivery Sat, Nov 19|",B075H4YFYQ,https://m.media-amazon.com/images/I/71sX9lWQzcL._AC_UL320_.jpg
2206,https://www.amazon.com/COVERGIRL-Ageless-Foundation-Anti-Aging-packaging/dp/B01ACPW2QC/ref=sr_1_15?crid=303YN5GGBQF0U&keywords=foundation&qid=1668625792&sprefix=foundation%2Caps%2C87&sr=8-15,"Covergirl + Olay Simply Ageless 3-in-1 Liquid Foundation, Creamy Natural",1 Fl Oz (Pack of 1),4.5 out of 5 stars,"36,868",$14.47,"FREE delivery Tue, Nov 22 on $25 of items shipped by AmazonOr fastest delivery Fri, Nov 18|",B01ACPW2QC,https://m.media-amazon.com/images/I/61MHoiUcn9S._AC_UL320_.jpg
2207,https://www.amazon.com/Foundation-Coverage-Concealer-Flawless-Control/dp/B07W19Q5CK/ref=sr_1_16?crid=303YN5GGBQF0U&keywords=foundation&qid=1668625792&sprefix=foundation%2Caps%2C87&sr=8-16,"2Pack PHOERA Foundation ,Full Coverage Foundation, Concealer Foundation Full Coverage Flawless New 30ml PHOERA 24HR Matte Oil Control Concealer (103 Warm peach)",1.01 Fl Oz (Pack of 2),4.3 out of 5 stars,"16,528",$14.99,"FREE delivery Tue, Nov 22 on $25 of items shipped by AmazonOr fastest delivery Fri, Nov 18|",B07W19Q5CK,https://m.media-amazon.com/images/I/51PjyqQO3lL._AC_UL320_.jpg
2208,https://www.amazon.com/sspa/click?ie=UTF8&spc=MTo2NTg1MjcwMzI5MTUwNzc6MTY2ODYyNTc5MjpzcF9tdGY6MjAwMDg0MzExODU4MzgxOjowOjo&url=%2FLOreal-Paris-Infallible-Foundation-Vanilla%2Fdp%2FB08GR6B8HN%2Fref%3Dsr_1_17_sspa%3Fcrid%3D303YN5GGBQF0U%26keywords%3Dfoundation%26qid%3D1668625792%26sprefix%3Dfoundation%252Caps%252C87%26sr%3D8-17-spons%26sp_csd%3Dd2lkZ2V0TmFtZT1zcF9tdGY%26psc%3D1,"L'Oreal Paris Infallible Fresh Wear Foundation in a Powder, Up to 24 Hour Wear, 120 Vanilla",Sponsored,4.3 out of 5 stars,"23,891",$12.97,"FREE delivery Tue, Nov 22 on $25 of items shipped by AmazonOr fastest delivery Sat, Nov 19|",B08GR6B8HN,https://m.media-amazon.com/images/I/811J-Izj1GL._AC_UL320_.jpg
2209,https://www.amazon.com/sspa/click?ie=UTF8&spc=MTo2NTg1MjcwMzI5MTUwNzc6MTY2ODYyNTc5MjpzcF9tdGY6MjAwMDg3MzI3NDI3NzgxOjowOjo&url=%2FLOreal-Paris-Hyaluronic-Instantly-brighter%2Fdp%2FB091D5RRKV%2Fref%3Dsr_1_18_sspa%3Fcrid%3D303YN5GGBQF0U%26keywords%3Dfoundation%26qid%3D1668625792%26sprefix%3Dfoundation%252Caps%252C87%26sr%3D8-18-spons%26sp_csd%3Dd2lkZ2V0TmFtZT1zcF9tdGY%26psc%3D1,"L'Oreal Paris True Match Nude Hyaluronic Tinted Serum Foundation with 1% Hyaluronic acid, Medium 4-5, 1 fl. oz.",Sponsored,4.4 out of 5 stars,"8,476",$14.97,"FREE delivery Tue, Nov 22 on $25 of items shipped by AmazonOr fastest delivery Fri, Nov 18|",B091D5RRKV,https://m.media-amazon.com/images/I/71-D+tZ9lWL._AC_UL320_.jpg
2210,https://www.amazon.com/sspa/click?ie=UTF8&spc=MTo2NTg1MjcwMzI5MTUwNzc6MTY2ODYyNTc5MjpzcF9tdGY6MjAwMDYzNjI1MjAxNjk4OjowOjo&url=%2FKriloneal-Foundation-Moisturizing-Waterproof-Long-Lasting%2Fdp%2FB09TZ476WN%2Fref%3Dsr_1_19_sspa%3Fcrid%3D303YN5GGBQF0U%26keywords%3Dfoundation%26qid%3D1668625792%26sprefix%3Dfoundation%252Caps%252C87%26sr%3D8-19-spons%26sp_csd%3Dd2lkZ2V0TmFtZT1zcF9tdGY%26psc%3D1,Kriloneal CC Cream Foundation Mushroom Head Air Cushion CC Cream Moisturizing Concealer Waterproof Oil Control Long-Lasting Nude Makeup with Mushroom Makeup Sponge (Natural),Sponsored,3.9 out of 5 stars,229,$9.88,"FREE delivery Tue, Nov 22 on $25 of items shipped by AmazonOr fastest delivery Fri, Nov 18|",B09TZ476WN,https://m.media-amazon.com/images/I/71uAIy98TML._AC_UL320_.jpg
2211,https://www.amazon.com/sspa/click?ie=UTF8&spc=MTo2NTg1MjcwMzI5MTUwNzc6MTY2ODYyNTc5MjpzcF9tdGY6MjAwMDc0OTUzNzYwNDk4OjowOjo&url=%2FHide-Premium-Foundation-Coverage-Champagne%2Fdp%2FB09K4LHYZR%2Fref%3Dsr_1_20_sspa%3Fcrid%3D303YN5GGBQF0U%26keywords%3Dfoundation%26qid%3D1668625792%26sprefix%3Dfoundation%252Caps%252C87%26sr%3D8-20-spons%26sp_csd%3Dd2lkZ2V0TmFtZT1zcF9tdGY%26psc%3D1,"HIDE PREMIUM Liquid Foundation, SEE SHADE FINDER Below For Perfect Match, Multi-Use Waterproof Foundation, Medium/Full Coverage Foundation, Oil Free – We Have a Shade For All Skin Types, 1 fl. Oz. (Champagne )",Sponsored,3.9 out of 5 stars,"1,082",$26.99,"FREE delivery Tue, Nov 22 Or fastest delivery Fri, Nov 18|",B09K4LHYZR,https://m.media-amazon.com/images/I/51RQp7p47ZL._AC_UL320_.jpg
2212,https://www.amazon.com/Maybelline-New-York-Coverage-Foundation/dp/B07GXBKM1S/ref=sr_1_21?crid=303YN5GGBQF0U&keywords=foundation&qid=1668625792&sprefix=foundation%2Caps%2C87&sr=8-21,"Maybelline Super Stay Full Coverage Liquid Foundation Active Wear Makeup, Up to 30Hr Wear, Transfer, Sweat & Water Resistant, Matte Finish, Golden Caramel, 1 Count",1 Fl Oz (Pack of 1),4.3 out of 5 stars,"22,762",$10.98,"FREE delivery Tue, Nov 22 on $25 of items shipped by AmazonOr fastest delivery Fri, Nov 18|",B07GXBKM1S,https://m.media-amazon.com/images/I/612dcuLzj+L._AC_UL320_.jpg
2213,https://www.amazon.com/Paris-Infallible-Longwear-Shaping-Foundation/dp/B07BN1YXWX/ref=sr_1_22?crid=303YN5GGBQF0U&keywords=foundation&qid=1668625792&sprefix=foundation%2Caps%2C87&sr=8-22,"L'Oreal Paris Makeup Infallible Longwear Shaping Stick Foundation, 401 Ivory, 1 Tube,0.32 Ounce",0.32 Ounce (Pack of 1),4.4 out of 5 stars,"3,805",$5.48,"FREE delivery Nov 21 - 23 Or fastest delivery Sat, Nov 19",B07BN1YXWX,https://m.media-amazon.com/images/I/51dfTySV1XL._AC_UL320_.jpg
2214,https://www.amazon.com/LAURA-GELLER-Foundation-Coverage-Natural/dp/B0BFXVP6SP/ref=sr_1_23?crid=303YN5GGBQF0U&keywords=foundation&qid=1668625792&sprefix=foundation%2Caps%2C87&sr=8-23,"LAURA GELLER Double Take Liquid Foundation | Medium to Full Coverage, Natural Matte Finish, Golden Medium",5.1 Ounce (Pack of 1),4.2 out of 5 stars,"1,187",$36.00,"FREE delivery Tue, Nov 22 Or fastest delivery Fri, Nov 18||Small Business|Small Business|Small Business|<img alt="""" src=""https://m.media-amazon.com/images/I/111mHoVK0kL._SS200_.png"" height=""50px"" width=""50px""/>  Small Business|<img alt="""" src=""https://m.media-amazon.com/images/I/111mHoVK0kL._SS200_.png"" height=""50px"" width=""50px""/>  Small Business",B0BFXVP6SP,https://m.media-amazon.com/images/I/61W4BQaAaTL._AC_UL320_.jpg|https://m.media-amazon.com/images/I/111mHoVK0kL._SS200_.png|
2215,https://www.amazon.com/Professional-Makeup-Coverage-Foundation-Beige/dp/B00NZE7FX8/ref=sr_1_24?crid=303YN5GGBQF0U&keywords=foundation&qid=1668625792&sprefix=foundation%2Caps%2C87&sr=8-24,"NYX PROFESSIONAL MAKEUP Can't Stop Won't Stop Foundation, 24h Full Coverage Matte Finish - True Beige",1 Count (Pack of 1),4.2 out of 5 stars,"13,133",$7.82,"FREE delivery Tue, Nov 22 on $25 of items shipped by AmazonOr fastest delivery Sun, Nov 20|",B00NZE7FX8,https://m.media-amazon.com/images/I/41TidPRNJ1S._AC_UL320_.jpg
2216,https://www.amazon.com/Covergirl-Trublend-Matte-Liquid-Foundation/dp/B07CGGQ2WQ/ref=sr_1_25?crid=303YN5GGBQF0U&keywords=foundation&qid=1668625792&sprefix=foundation%2Caps%2C87&sr=8-25,"COVERGIRL TruBlend Matte Made Liquid Foundation, Warm Honey",1 Fl Oz (Pack of 1),4.5 out of 5 stars,"6,809",$7.48,"FREE delivery Tue, Nov 22 on $25 of items shipped by AmazonOr fastest delivery Fri, Nov 18|",B07CGGQ2WQ,https://m.media-amazon.com/images/I/711dNtVPqVL._AC_UL320_.jpg
2217,https://www.amazon.com/Physicians-Formula-Foundation-Lightweight-Nourishing/dp/B08RRPNCJL/ref=sr_1_26?crid=303YN5GGBQF0U&keywords=foundation&qid=1668625792&sprefix=foundation%2Caps%2C87&sr=8-26,"Physicians Formula Butter Believe It! Foundation + Concealer, Light-to-Medium, 1 Fl Oz",1 Fl Oz (Pack of 1),4.1 out of 5 stars,"1,301",$12.39,"FREE delivery Tue, Nov 22 on $25 of items shipped by AmazonOr fastest delivery Fri, Nov 18|",B08RRPNCJL,https://m.media-amazon.com/images/I/71xWRt18mjL._AC_UL320_.jpg
2218,https://www.amazon.com/Maybelline-Dream-Mousse-Foundation-Porcelain/dp/B0015G8IDO/ref=sr_1_27?crid=303YN5GGBQF0U&keywords=foundation&qid=1668625792&sprefix=foundation%2Caps%2C87&sr=8-27,"Maybelline Dream Matte Mousse Foundation, Porcelain Ivory, 0.5 fl. oz. (Packaging May Vary)",0.5 Fl Oz (Pack of 1),4.5 out of 5 stars,"8,687",$6.50,"FREE delivery Tue, Nov 22 on $25 of items shipped by AmazonOr fastest delivery Fri, Nov 18|",B0015G8IDO,https://m.media-amazon.com/images/I/51yihftZtbL._AC_UL320_.jpg
2219,https://www.amazon.com/Milani-Screen-Liquid-Foundation-Makeup/dp/B082DLF1QB/ref=sr_1_28?crid=303YN5GGBQF0U&keywords=foundation&qid=1668625792&sprefix=foundation%2Caps%2C87&sr=8-28,Milani Screen Queen Liquid Foundation Makeup - Cruelty Free Foundation With Digital Bluelight Filter Technology (Golden Bisque),1 Fl Oz (Pack of 1),4.0 out of 5 stars,682,$6.47,"FREE delivery Wed, Nov 23 on $25 of items shipped by AmazonOr fastest delivery Tue, Nov 22||Small Business|Small Business|Small Business|<img alt="""" src=""https://m.media-amazon.com/images/I/111mHoVK0kL._SS200_.png"" height=""50px"" width=""50px""/>  Small Business|<img alt="""" src=""https://m.media-amazon.com/images/I/111mHoVK0kL._SS200_.png"" height=""50px"" width=""50px""/>  Small Business",B082DLF1QB,https://m.media-amazon.com/images/I/717VNalzUWL._AC_UL320_.jpg|https://m.media-amazon.com/images/I/111mHoVK0kL._SS200_.png|
2220,https://www.amazon.com/Revlon-ColorStay-Liquid-Foundation-Combination/dp/B0039UTUYA/ref=sr_1_29?crid=303YN5GGBQF0U&keywords=foundation&qid=1668625792&sprefix=foundation%2Caps%2C87&sr=8-29,"Liquid Foundation by Revlon, ColorStay Face Makeup for Combination & Oily Skin, SPF 15, Longwear Medium-Full Coverage with Matte Finish, Buff (150), 1.0 Oz",1 Fl Oz (Pack of 1),4.5 out of 5 stars,"21,417",$9.95,FREE delivery on $25 shipped by Amazon.,B0039UTUYA,https://m.media-amazon.com/images/I/71knFDQWzjL._AC_UL320_.jpg
2221,https://www.amazon.com/Catrice-True-Skin-Hydrating-Foundation/dp/B08HJRCJTK/ref=sr_1_30?crid=303YN5GGBQF0U&keywords=foundation&qid=1668625792&sprefix=foundation%2Caps%2C87&sr=8-30,Catrice | True Skin Hydrating Foundation (007 | Cool Nude),1.01 Fl Oz (Pack of 1),4.1 out of 5 stars,"3,845",$10.00,"FREE delivery Tue, Nov 22 on $25 of items shipped by AmazonOr fastest delivery Fri, Nov 18||Small Business|Small Business|Small Business|<img alt="""" src=""https://m.media-amazon.com/images/I/111mHoVK0kL._SS200_.png"" height=""50px"" width=""50px""/>  Small Business|<img alt="""" src=""https://m.media-amazon.com/images/I/111mHoVK0kL._SS200_.png"" height=""50px"" width=""50px""/>  Small Business",B08HJRCJTK,https://m.media-amazon.com/images/I/61cuasllS5L._AC_UL320_.jpg|https://m.media-amazon.com/images/I/111mHoVK0kL._SS200_.png|
2222,https://www.amazon.com/COVER-FX-Power-Play-Foundation/dp/B07JQ21TCS/ref=sr_1_31?crid=303YN5GGBQF0U&keywords=foundation&qid=1668625792&sprefix=foundation%2Caps%2C87&sr=8-31,"Cover FX Power Play Foundation: Full Coverage, Waterproof, Sweat-proof and Transfer-Proof Liquid Foundation For All Skin Types G80, 1.18 fl. oz.",1.18 Fl Oz (Pack of 1),4.3 out of 5 stars,616,$7.50,"FREE delivery Fri, Nov 25 on $25 of items shipped by AmazonOr fastest delivery Sat, Nov 19||Small Business|Small Business|Small Business|<img alt="""" src=""https://m.media-amazon.com/images/I/111mHoVK0kL._SS200_.png"" height=""50px"" width=""50px""/>  Small Business|<img alt="""" src=""https://m.media-amazon.com/images/I/111mHoVK0kL._SS200_.png"" height=""50px"" width=""50px""/>  Small Business",B07JQ21TCS,https://m.media-amazon.com/images/I/61RUk6werGL._AC_UL320_.jpg|https://m.media-amazon.com/images/I/111mHoVK0kL._SS200_.png|
2223,https://www.amazon.com/LOreal-Paris-Hyaluronic-Instantly-brighter/dp/B091D5RRKV/ref=sr_1_32?crid=303YN5GGBQF0U&keywords=foundation&qid=1668625792&sprefix=foundation%2Caps%2C87&sr=8-32,"L'Oreal Paris True Match Nude Hyaluronic Tinted Serum Foundation with 1% Hyaluronic acid, Medium 4-5, 1 fl. oz.",1 Fl Oz (Pack of 1),4.4 out of 5 stars,"8,476",$14.97,"FREE delivery Tue, Nov 22 on $25 of items shipped by AmazonOr fastest delivery Fri, Nov 18|",B091D5RRKV,https://m.media-amazon.com/images/I/71-D+tZ9lWL._AC_UL320_.jpg
2224,https://www.amazon.com/sspa/click?ie=UTF8&spc=MTo2NTg1MjcwMzI5MTUwNzc6MTY2ODYyNTc5MjpzcF9tdGY6MjAwMDIzMjczNTgyMjk4OjowOjo&url=%2FCosmetics-Your-Better-Foundation-Skincare%2Fdp%2FB08KGNYYXY%2Fref%3Dsr_1_33_sspa%3Fcrid%3D303YN5GGBQF0U%26keywords%3Dfoundation%26qid%3D1668625792%26sprefix%3Dfoundation%252Caps%252C87%26sr%3D8-33-spons%26sp_csd%3Dd2lkZ2V0TmFtZT1zcF9tdGY%26psc%3D1%26smid%3DA32GOXAC8X4KTS,"IT Cosmetics Your Skin But Better Foundation + Skincare, Rich Warm 52 - Hydrating Coverage - Minimizes Pores & Imperfections, Natural Radiant Finish - With Hyaluronic Acid - 1.0 fl oz",Sponsored,4.3 out of 5 stars,"1,952",$44.00,"FREE delivery Tue, Nov 22 Or fastest delivery Mon, Nov 21||Small Business|Small Business|Small Business|<img alt="""" src=""https://m.media-amazon.com/images/I/111mHoVK0kL._SS200_.png"" height=""50px"" width=""50px""/>  Small Business|<img alt="""" src=""https://m.media-amazon.com/images/I/111mHoVK0kL._SS200_.png"" height=""50px"" width=""50px""/>  Small Business",B08KGNYYXY,https://m.media-amazon.com/images/I/71M2INfRw+L._AC_UL320_.jpg|https://m.media-amazon.com/images/I/111mHoVK0kL._SS200_.png|
2225,https://www.amazon.com/sspa/click?ie=UTF8&spc=MTo2NTg1MjcwMzI5MTUwNzc6MTY2ODYyNTc5MjpzcF9tdGY6MjAwMDU5NDQwNTA1Mjk4OjowOjo&url=%2FGIVERNY-Milchak-Foundation-Light-beige%2Fdp%2FB09XWLC813%2Fref%3Dsr_1_34_sspa%3Fcrid%3D303YN5GGBQF0U%26keywords%3Dfoundation%26qid%3D1668625792%26sprefix%3Dfoundation%252Caps%252C87%26sr%3D8-34-spons%26sp_csd%3Dd2lkZ2V0TmFtZT1zcF9tdGY%26psc%3D1,"GIVERNY Milchak Matt Fit Foundation #21 Light beige - Matte Finish Liquid Foundation for Sebum and Sweat Control - Lightweight & Waterproof Foundation Makeup – Flawless Coverage for Oily Skin, 1.01 fl.oz.",Sponsored,4.2 out of 5 stars,3,$25.00,"FREE delivery Tue, Nov 22 Or fastest delivery Fri, Nov 18|",B09XWLC813,https://m.media-amazon.com/images/I/51PJBoRAqfL._AC_UL320_.jpg
2226,https://www.amazon.com/sspa/click?ie=UTF8&spc=MTo2NTg1MjcwMzI5MTUwNzc6MTY2ODYyNTc5MjpzcF9tdGY6MjAwMDk4NTE2NjEzODMxOjowOjo&url=%2FFoundation-Coverage-Concealer-Flawless-Control%2Fdp%2FB07W19Q5CK%2Fref%3Dsr_1_35_sspa%3Fcrid%3D303YN5GGBQF0U%26keywords%3Dfoundation%26qid%3D1668625792%26sprefix%3Dfoundation%252Caps%252C87%26sr%3D8-35-spons%26sp_csd%3Dd2lkZ2V0TmFtZT1zcF9tdGY%26psc%3D1%26smid%3DA1XADO4O019MIM,"2Pack PHOERA Foundation ,Full Coverage Foundation, Concealer Foundation Full Coverage Flawless New 30ml PHOERA 24HR Matte Oil Control Concealer (103 Warm peach)",Sponsored,4.3 out of 5 stars,"16,528",$14.99,"FREE delivery Tue, Nov 22 on $25 of items shipped by AmazonOr fastest delivery Fri, Nov 18|",B07W19Q5CK,https://m.media-amazon.com/images/I/51PjyqQO3lL._AC_UL320_.jpg
2227,https://www.amazon.com/sspa/click?ie=UTF8&spc=MTo2NTg1MjcwMzI5MTUwNzc6MTY2ODYyNTc5MjpzcF9tdGY6MjAwMDc0MDcyODUzNDk4OjowOjo&url=%2FPalladio-Foundation-Finishing-Minimizes-Breakouts%2Fdp%2FB0006O9ZBK%2Fref%3Dsr_1_36_sspa%3Fcrid%3D303YN5GGBQF0U%26keywords%3Dfoundation%26qid%3D1668625792%26sprefix%3Dfoundation%252Caps%252C87%26sr%3D8-36-spons%26sp_csd%3Dd2lkZ2V0TmFtZT1zcF9tdGY%26psc%3D1,"Palladio Dual Wet and Dry Foundation with sponge and Mirror, Squalane Infused, Apply Wet for Maximum Coverage or Dry for Light Finishing and Touchup, Minimize Fine Lines, All day Wear, Neroli Bronze",Sponsored,4.4 out of 5 stars,"1,382",$11.99,"FREE delivery Tue, Nov 22 on $25 of items shipped by AmazonOr fastest delivery Fri, Nov 18||Small Business|Small Business|Small Business|<img alt="""" src=""https://m.media-amazon.com/images/I/111mHoVK0kL._SS200_.png"" height=""50px"" width=""50px""/>  Small Business|<img alt="""" src=""https://m.media-amazon.com/images/I/111mHoVK0kL._SS200_.png"" height=""50px"" width=""50px""/>  Small Business",B0006O9ZBK,https://m.media-amazon.com/images/I/71JCOrYqkBL._AC_UL320_.jpg|https://m.media-amazon.com/images/I/111mHoVK0kL._SS200_.png|
2228,https://www.amazon.com/MagicMinerals-AirBrush-Foundation-Jerome-Alexander/dp/B0841T83KH/ref=sr_1_37?crid=303YN5GGBQF0U&keywords=foundation&qid=1668625792&sprefix=foundation%2Caps%2C87&sr=8-37,MagicMinerals AirBrush Foundation by Jerome Alexander – 2pc Set with Airbrush Foundation and Kabuki Brush - Spray Makeup with Anti-aging Ingredients for Smooth Radiant Skin (Light),2 Piece Set,4.3 out of 5 stars,"9,201",$19.99,"FREE delivery Nov 28 - Dec 2|Small Business|Small Business|Small Business|<img alt="""" src=""https://m.media-amazon.com/images/I/111mHoVK0kL._SS200_.png"" height=""50px"" width=""50px""/>  Small Business|<img alt="""" src=""https://m.media-amazon.com/images/I/111mHoVK0kL._SS200_.png"" height=""50px"" width=""50px""/>  Small Business",B0841T83KH,https://m.media-amazon.com/images/I/81fiaBQMirL._AC_UL320_.jpg|https://m.media-amazon.com/images/I/111mHoVK0kL._SS200_.png|
2229,https://www.amazon.com/Photo-Focus-Foundation-Ivory-Ounces/dp/B082YPF7SN/ref=sr_1_38?crid=303YN5GGBQF0U&keywords=foundation&qid=1668625792&sprefix=foundation%2Caps%2C87&sr=8-38,"Wet n Wild Photo Focus Dewy Liquid Foundation Makeup, Soft Ivory",1.06 Fl Oz (Pack of 1),4.4 out of 5 stars,"6,995",$4.99,"FREE delivery Tue, Nov 22 on $25 of items shipped by AmazonOr fastest delivery Fri, Nov 18|",B082YPF7SN,https://m.media-amazon.com/images/I/71bsaUs9+DL._AC_UL320_.jpg
2230,https://www.amazon.com/Kosas-Revealer-Skin-Improving-Foundation-Protection/dp/B0BGYRQ7Z6/ref=sr_1_39?crid=303YN5GGBQF0U&keywords=foundation&qid=1668625792&sprefix=foundation%2Caps%2C87&sr=8-39,"Kosas Revealer Skin-Improving Foundation with SPF 25 Protection - Clean Formula, Natural Finish, Smoothing Texture - Light Cool 150",1 Fl Oz (Pack of 1),,,$42.00,"FREE delivery Tue, Nov 22 Or fastest delivery Fri, Nov 18|",B0BGYRQ7Z6,https://m.media-amazon.com/images/I/610r7HRUybL._AC_UL320_.jpg
2231,https://www.amazon.com/Paris-Foundation-lightweight-anti-aging-foundation/dp/B003A870SE/ref=sr_1_40?crid=303YN5GGBQF0U&keywords=foundation&qid=1668625792&sprefix=foundation%2Caps%2C87&sr=8-40,"L'Oreal Paris Visible Lift Serum Absolute Foundation, Nude Beige, 1 Ounce",1 Fl Oz (Pack of 1),4.5 out of 5 stars,"4,402",$14.47,"FREE delivery Tue, Nov 22 on $25 of items shipped by AmazonOr fastest delivery Fri, Nov 18|",B003A870SE,https://m.media-amazon.com/images/I/71nPGu7wF2L._AC_UL320_.jpg
2232,https://www.amazon.com/Becca-Ultimate-Coverage-24-hour-Foundation/dp/B07J2SLJH2/ref=sr_1_41?crid=303YN5GGBQF0U&keywords=foundation&qid=1668625792&sprefix=foundation%2Caps%2C87&sr=8-41,"Becca Ultimate Coverage 24-hour Foundation, Vanilla, 1.01 Ounce",1.01 Fl Oz (Pack of 1),4.4 out of 5 stars,969,$12.01,"FREE delivery Tue, Nov 22 on $25 of items shipped by AmazonOr fastest delivery Fri, Nov 18|",B07J2SLJH2,https://m.media-amazon.com/images/I/51MG05L4AhL._AC_UL320_.jpg
2233,https://www.amazon.com/Your-Skin-BetterTM-Cream-Light/dp/B00RZ4R0ZM/ref=sr_1_42_mod_primary_new?crid=303YN5GGBQF0U&keywords=foundation&qid=1668625792&sbo=RZvfv%2F%2FHxDF%2BO5021pAnSA%3D%3D&sprefix=foundation%2Caps%2C87&sr=8-42,"IT Cosmetics Your Skin But Better CC+ Cream, Light (W) - Color Correcting Cream, Full-Coverage Foundation, Hydrating Serum & SPF 50+ Sunscreen - Natural Finish - 1.08 fl oz",1.08 Fl Oz (Pack of 1),4.5 out of 5 stars,"22,518|Another way to buy|$33.00$33.00 $42.00$42.00|$33.00$33.00 $42.00$42.00|FREE delivery Tue, Nov 22 Or fastest delivery Fri, Nov 18",$25.10,"$6 delivery Wed, Nov 23|Small Business|Small Business|Small Business|<img alt="""" src=""https://m.media-amazon.com/images/I/111mHoVK0kL._SS200_.png"" height=""50px"" width=""50px""/>  Small Business|<img alt="""" src=""https://m.media-amazon.com/images/I/111mHoVK0kL._SS200_.png"" height=""50px"" width=""50px""/>  Small Business|FREE delivery Tue, Nov 22 Or fastest delivery Fri, Nov 18|",B00RZ4R0ZM,https://m.media-amazon.com/images/I/51ZdRgPEqrL._AC_UL320_.jpg|https://m.media-amazon.com/images/I/111mHoVK0kL._SS200_.png|
2234,https://www.amazon.com/PHOERA-Foundation-Coverage-Concealer-Brushes/dp/B09F3L5QB2/ref=sr_1_43?crid=303YN5GGBQF0U&keywords=foundation&qid=1668625792&sprefix=foundation%2Caps%2C87&sr=8-43,"PHOERA Foundation,Full Coverage Foundation,PHOERA Primer,PHOERA Powder,PHOERA Concealer PHOERA Makeup Set, Kabuki Makeup Brushes Foundation Brush Powder Brush,2 Makeup Sponge (104 Buff Beige + 105 Sand）",Save more with Subscribe & Save,4.3 out of 5 stars,877,$27.99,"FREE delivery Tue, Nov 22 Or fastest delivery Fri, Nov 18|",B09F3L5QB2,https://m.media-amazon.com/images/I/71sJlHwNRUL._AC_UL320_.jpg
2235,https://www.amazon.com/Maybelline-New-York-Instant-Perfector/dp/B09RHKRY8C/ref=sr_1_44?crid=303YN5GGBQF0U&keywords=foundation&qid=1668625792&sprefix=foundation%2Caps%2C87&sr=8-44,"Maybelline New York Instant Age Rewind Instant Perfector 4-In-1 Glow Makeup, Light",0.68 Fl Oz (Pack of 1),4.0 out of 5 stars,"1,160",$9.98,"FREE delivery Tue, Nov 22 on $25 of items shipped by AmazonOr fastest delivery Fri, Nov 18|",B09RHKRY8C,https://m.media-amazon.com/images/I/615aPuaHQCL._AC_UL320_.jpg
2236,https://www.amazon.com/LOr%C3%A9al-Paris-Healthy-Luminous-Classic/dp/B008DF54K0/ref=sr_1_45?crid=303YN5GGBQF0U&keywords=foundation&qid=1668625792&sprefix=foundation%2Caps%2C87&sr=8-45,"L'Oreal Paris True Match Lumi Healthy Luminous Makeup, N1-2 Soft Ivory Classic Ivory , 1 fl; oz.",1 Fl Oz (Pack of 1),4.5 out of 5 stars,"8,390",$11.97,"FREE delivery Tue, Nov 22 on $25 of items shipped by AmazonOr fastest delivery Fri, Nov 18|",B008DF54K0,https://m.media-amazon.com/images/I/61Az2hBKqVL._AC_UL320_.jpg
2237,https://www.amazon.com/Mushroom-Foundation-Coverage-Moisturizing-Concealer/dp/B0B5ZDXNH9/ref=sr_1_46?crid=303YN5GGBQF0U&keywords=foundation&qid=1668625792&sprefix=foundation%2Caps%2C87&sr=8-46,"Mushroom Head Air Cushion CC Cream BB Cream Foundation Face Makeup,Full Coverage Foundation Moisturizing Concealer Makeup Base,Long Lasting Cushion Foundation with Mushroom Makeup Sponge (Natural)",($8.98/Ounce),3.5 out of 5 stars,17,$8.98,"FREE delivery Tue, Nov 22 on $25 of items shipped by AmazonOr fastest delivery Fri, Nov 18|",B0B5ZDXNH9,https://m.media-amazon.com/images/I/71qp4wcW0pL._AC_UL320_.jpg
2238,https://www.amazon.com/PhotoReady-Anti-Pollution-Foundation-Ingredients-Fragrances/dp/B07XTSH96S/ref=sr_1_47?crid=303YN5GGBQF0U&keywords=foundation&qid=1668625792&sprefix=foundation%2Caps%2C87&sr=8-47,"Revlon PhotoReady Candid Glow Moisture Glow Anti-Pollution Foundation with Vitamin E and Prickly Pear Oil, Anti-Blue Light Ingredients, without Parabens, Pthalates, and Fragrances, Tawny, 0.75 oz",0.75 Ounce,4.3 out of 5 stars,"2,187",$7.30,"FREE delivery Tue, Nov 22 on $25 of items shipped by AmazonOr fastest delivery Sat, Nov 19|",B07XTSH96S,https://m.media-amazon.com/images/I/710dttlpAuS._AC_UL320_.jpg
2239,https://www.amazon.com/Clinique-Better-Makeup-1-oz-bisque/dp/B07NY85JYY/ref=sr_1_48?crid=303YN5GGBQF0U&keywords=foundation&qid=1668625792&sprefix=foundation%2Caps%2C87&sr=8-48,"Clinique Even Better Makeup SPF 15, 1-oz. CN 29 bisque (VF)",1 Ounce (Pack of 1),4.8 out of 5 stars,57,$16.72,FREE delivery on $25 shipped by Amazon.,B07NY85JYY,https://m.media-amazon.com/images/I/41ShrHmnLGL._AC_UL320_.jpg
2240,https://www.amazon.com/Ultimate-Coverage-24-Hour-Foundation/dp/B07D6TBLDC/ref=sr_1_49?crid=303YN5GGBQF0U&keywords=foundation&qid=1668625792&sprefix=foundation%2Caps%2C87&sr=8-49,Becca Ultimate Coverage 24 Hours Foundation Cashmere,1 Fl Oz (Pack of 1),4.4 out of 5 stars,202,$7.88,"FREE delivery Tue, Nov 22 on $25 of items shipped by AmazonOr fastest delivery Fri, Nov 18|",B07D6TBLDC,https://m.media-amazon.com/images/I/71-8uKvo-4L._AC_UL320_.jpg
2241,https://www.amazon.com/Revlon-ColorStay-Liquid-Foundation-Normal/dp/B000T5QN5M/ref=sr_1_50?crid=303YN5GGBQF0U&keywords=foundation&qid=1668625792&sprefix=foundation%2Caps%2C87&sr=8-50,"Liquid Foundation by Revlon, ColorStay Face Makeup for Normal and Dry Skin, SPF 20, Longwear Medium-Full Coverage with Matte Finish, Oil Free, 240 Medium Beige, 1.0 Oz",1 Fl Oz (Pack of 1),4.5 out of 5 stars,"11,380",$9.94,FREE delivery Nov 21 - 23 Or fastest delivery Nov 18 - 22,B000T5QN5M,https://m.media-amazon.com/images/I/711HgScJ7pL._AC_UL320_.jpg
2242,https://www.amazon.com/YOUNG-VISION-Coverage-Foundation-Waterproof/dp/B0BFWZ8DJT/ref=sr_1_51?crid=303YN5GGBQF0U&keywords=foundation&qid=1668625792&sprefix=foundation%2Caps%2C87&sr=8-51,"YOUNG VISION Full Coverage Longwear Foundation, Matte Finish, Waterproof, Poreless Liquid Foundation Makeup, 1 fl.oz",1 Fl Oz (Pack of 1),4.0 out of 5 stars,15,$3.99,"FREE delivery Tue, Nov 22 on $25 of items shipped by AmazonOr fastest delivery Fri, Nov 18|",B0BFWZ8DJT,https://m.media-amazon.com/images/I/61Q9zWZpo9L._AC_UL320_.jpg
2243,https://www.amazon.com/Maybelline-Coverage-Hydrating-Lightweight-Foundation/dp/B07W69BXVL/ref=sr_1_52?crid=303YN5GGBQF0U&keywords=foundation&qid=1668625792&sprefix=foundation%2Caps%2C87&sr=8-52,"Maybelline Dream Radiant Liquid Medium Coverage Hydrating Makeup, Lightweight Liquid Foundation, Vanilla, 1 Fl; Oz",1 Fl Oz (Pack of 1),4.5 out of 5 stars,"4,740",$5.40,"FREE delivery Tue, Nov 22 on $25 of items shipped by AmazonOr fastest delivery Fri, Nov 18|",B07W69BXVL,https://m.media-amazon.com/images/I/71+fcfuGTVL._AC_UL320_.jpg
2244,https://www.amazon.com/Milani-Conceal-Perfect-Foundation-Concealer/dp/B07XPG5BRV/ref=sr_1_53?crid=303YN5GGBQF0U&keywords=foundation&qid=1668625792&sprefix=foundation%2Caps%2C87&sr=8-53,"Milani Conceal + Perfect 2-in-1 Foundation + Concealer - Golden Beige (1 Fl. Oz.) Cruelty-Free Liquid Foundation - Cover Under-Eye Circles, Blemishes & Skin Discoloration for a Flawless Complexion",1 Fl Oz (Pack of 1),4.4 out of 5 stars,"19,665",$10.97,"FREE delivery Tue, Nov 22 on $25 of items shipped by AmazonOr fastest delivery Fri, Nov 18||Small Business|Small Business|Small Business|<img alt="""" src=""https://m.media-amazon.com/images/I/111mHoVK0kL._SS200_.png"" height=""50px"" width=""50px""/>  Small Business|<img alt="""" src=""https://m.media-amazon.com/images/I/111mHoVK0kL._SS200_.png"" height=""50px"" width=""50px""/>  Small Business",B07XPG5BRV,https://m.media-amazon.com/images/I/31j4RH0iDtL._AC_UL320_.jpg|https://m.media-amazon.com/images/I/111mHoVK0kL._SS200_.png|
2245,https://www.amazon.com/LOreal-Paris-Perfect-Radiant-Foundation/dp/B07Z9WBHXK/ref=sr_1_54?crid=303YN5GGBQF0U&keywords=foundation&qid=1668625792&sprefix=foundation%2Caps%2C87&sr=8-54,"L'Oreal Paris Age Perfect Radiant Serum Foundation with SPF 50, Ivory",1 Fl Oz (Pack of 1),4.3 out of 5 stars,"14,367",$11.99,"FREE delivery Tue, Nov 22 on $25 of items shipped by AmazonOr fastest delivery Fri, Nov 18|",B07Z9WBHXK,https://m.media-amazon.com/images/I/61LeLqxYLeL._AC_UL320_.jpg
2246,https://www.amazon.com/Hide-Premium-Foundation-Coverage-Champagne/dp/B09K4LHYZR/ref=sr_1_55?crid=303YN5GGBQF0U&keywords=foundation&qid=1668625792&sprefix=foundation%2Caps%2C87&sr=8-55,"HIDE PREMIUM Liquid Foundation, SEE SHADE FINDER Below For Perfect Match, Multi-Use Waterproof Foundation, Medium/Full Coverage Foundation, Oil Free – We Have a Shade For All Skin Types, 1 fl. Oz. (Champagne )",1 Fl Oz (Pack of 1),3.9 out of 5 stars,"1,082",$26.99,"FREE delivery Tue, Nov 22 Or fastest delivery Fri, Nov 18|",B09K4LHYZR,https://m.media-amazon.com/images/I/51RQp7p47ZL._AC_UL320_.jpg
2247,https://www.amazon.com/LOr%C3%A9al-Paris-Infallible-Pro-Matte-Foundation/dp/B00PFCTSLU/ref=sr_1_56?crid=303YN5GGBQF0U&keywords=foundation&qid=1668625792&sprefix=foundation%2Caps%2C87&sr=8-56,"L'Oreal Paris K1828700 Infallible Pro-Matte Liquid Longwear Foundation Makeup, 102 Shell Beige, 1 Fl; Oz.",1 Fl Oz (Pack of 1),4.4 out of 5 stars,"20,683",$10.97,"FREE delivery Tue, Nov 22 on $25 of items shipped by AmazonOr fastest delivery Fri, Nov 18|",B00PFCTSLU,https://m.media-amazon.com/images/I/51LsyuX5jmL._AC_UL320_.jpg
2248,https://www.amazon.com/Clinique-Better-Clinical-Foundation-Spectrum/dp/B0B4BMRB4N/ref=sr_1_57?crid=303YN5GGBQF0U&keywords=foundation&qid=1668625792&sprefix=foundation%2Caps%2C87&sr=8-57,Clinique Even Better Clinical Serum Foundation Broad Spectrum SPF 25 - CN 62 Porcelain Beige (MF),1 Ounce (Pack of 1),4.1 out of 5 stars,9,$21.29,"FREE delivery Tue, Nov 22 on $25 of items shipped by AmazonOr fastest delivery Fri, Nov 18|",B0B4BMRB4N,https://m.media-amazon.com/images/I/41P21iAar3L._AC_UL320_.jpg
2249,https://www.amazon.com/MISSHA-Magic-Cushion-SPF50-NO/dp/B00U8ZNIXI/ref=sr_1_58?crid=303YN5GGBQF0U&keywords=foundation&qid=1668625792&sprefix=foundation%2Caps%2C87&sr=8-58,MISSHA M Magic Cushion SPF50+/PA+++ NO. 23,$8.88 with Subscribe & Save discount,4.3 out of 5 stars,"8,535",$9.35,"FREE delivery Tue, Nov 22 on $25 of items shipped by AmazonOr fastest delivery Fri, Nov 18||Small Business|Small Business|Small Business|<img alt="""" src=""https://m.media-amazon.com/images/I/111mHoVK0kL._SS200_.png"" height=""50px"" width=""50px""/>  Small Business|<img alt="""" src=""https://m.media-amazon.com/images/I/111mHoVK0kL._SS200_.png"" height=""50px"" width=""50px""/>  Small Business",B00U8ZNIXI,https://m.media-amazon.com/images/I/61p1QkLztyL._AC_UL320_.jpg|https://m.media-amazon.com/images/I/111mHoVK0kL._SS200_.png|
2250,https://www.amazon.com/Revlon-PhotoReady-Insta-Filter-Foundation-Medium/dp/B07599C9MW/ref=sr_1_59?crid=303YN5GGBQF0U&keywords=foundation&qid=1668625792&sprefix=foundation%2Caps%2C87&sr=8-59,"Revlon PhotoReady Insta-Filter Foundation, Medium Beige",0.91 Fl Oz (Pack of 1),4.1 out of 5 stars,"1,881",$4.99,"FREE delivery Tue, Nov 22 on $25 of items shipped by AmazonOr fastest delivery Mon, Nov 21|",B07599C9MW,https://m.media-amazon.com/images/I/61bshPJPwKL._AC_UL320_.jpg
2251,https://www.amazon.com/Dermablend-Cover-Coverage-Foundation-Chocolate/dp/B0017N2EBC/ref=sr_1_60?crid=303YN5GGBQF0U&keywords=foundation&qid=1668625792&sprefix=foundation%2Caps%2C87&sr=8-60,"Dermablend Cover Creme Full Coverage Cream Foundation with SPF 30, Hydrating Concealer Makeup with Velvetey Finish",1 Ounce (Pack of 1),4.3 out of 5 stars,"8,090",$40.00,"FREE delivery Tue, Nov 22 Or fastest delivery Fri, Nov 18||Small Business|Small Business|Small Business|<img alt="""" src=""https://m.media-amazon.com/images/I/111mHoVK0kL._SS200_.png"" height=""50px"" width=""50px""/>  Small Business|<img alt="""" src=""https://m.media-amazon.com/images/I/111mHoVK0kL._SS200_.png"" height=""50px"" width=""50px""/>  Small Business",B0017N2EBC,https://m.media-amazon.com/images/I/713r0iUjVZL._AC_UL320_.jpg|https://m.media-amazon.com/images/I/111mHoVK0kL._SS200_.png|
2252,https://aax-us-iad.amazon.com/x/c/RIFOlUsdGx5q2zGBYjfB5e8AAAGEgdj9bgEAAAH2AQBOL0EgICAgICAgICAgICBOL0EgICAgICAgICAgICA0wXcF/https://www.amazon.com/dp/B09K4KXJTB?pd_rd_i=B09K4KXJTB&pf_rd_p=55defc4a-7c1e-47a7-8d1d-5cc458cca688&pf_rd_r=SJMZJJDME03E4GQ5MA4C&pd_rd_wg=hJdtx&pd_rd_w=zXGgB&pd_rd_r=685451d3-385e-4602-95d0-c32cef79b190,"HIDE PREMIUM Liquid Foundation, SEE SHADE FINDER Below For Perfect Match, Multi-Use Waterproof Foundation, Medium/Full Coverage Foundation, Oil Free – We Have a Shade For All Skin Types, 1 fl. Oz. (Wheat)",Sponsored,3.9 out of 5 stars,"1,082",$26.99,"FREE delivery Tue, Nov 22 Or fastest delivery Fri, Nov 18|",,
2259,https://www.amazon.com/sspa/click?ie=UTF8&spc=MTo1NzAyNjc2OTM2MDAyNDEwOjE2Njg2MjU4MzM6c3BfYXRmOjIwMDA5NzEzNjkyNTc5ODo6MDo6&url=%2Fwild-Color-Powder-Blush-Pinch%2Fdp%2FB082YPNTZ4%2Fref%3Dsr_1_1_sspa%3Fcrid%3D32KL6R446VQOI%26keywords%3Dblush%26qid%3D1668625833%26sprefix%3Dblush%252Caps%252C92%26sr%3D8-1-spons%26sp_csd%3Dd2lkZ2V0TmFtZT1zcF9hdGY%26psc%3D1,"Wet n Wild Color Icon Blush Powder Makeup, Pinch Me Pink | Matte Natural Glow | Moisturizing Jojoba Oil",Sponsored,4.3 out of 5 stars,"6,195",$3.18,"FREE delivery Wed, Nov 23 on $25 of items shipped by AmazonOr fastest delivery Sun, Nov 20|",B082YPNTZ4,https://m.media-amazon.com/images/I/81LILpus+PL._AC_UL320_.jpg
2260,https://www.amazon.com/sspa/click?ie=UTF8&spc=MTo1NzAyNjc2OTM2MDAyNDEwOjE2Njg2MjU4MzM6c3BfYXRmOjIwMDA5MTYwMTYzOTg5ODo6MDo6&url=%2FMilani-Baked-Blush-Primavera-Cruelty-Free%2Fdp%2FB07PNCB73M%2Fref%3Dsr_1_2_sspa%3Fcrid%3D32KL6R446VQOI%26keywords%3Dblush%26qid%3D1668625833%26sprefix%3Dblush%252Caps%252C92%26sr%3D8-2-spons%26sp_csd%3Dd2lkZ2V0TmFtZT1zcF9hdGY%26psc%3D1%26smid%3DA1CCV4UITXSGG8,"Milani Baked Blush - Petal Primavera (0.12 Ounce) Cruelty-Free Powder Blush - Shape, Contour & Highlight Face for a Shimmery or Matte Finish",Sponsored,4.5 out of 5 stars,"30,767",$8.97,"FREE delivery Tue, Nov 22 on $25 of items shipped by AmazonOr fastest delivery Fri, Nov 18||Small Business|Small Business|Small Business|<img alt="""" src=""https://m.media-amazon.com/images/I/111mHoVK0kL._SS200_.png"" height=""50px"" width=""50px""/>  Small Business|<img alt="""" src=""https://m.media-amazon.com/images/I/111mHoVK0kL._SS200_.png"" height=""50px"" width=""50px""/>  Small Business",B07PNCB73M,https://m.media-amazon.com/images/I/81EPi2UzJpL._AC_UL320_.jpg|https://m.media-amazon.com/images/I/111mHoVK0kL._SS200_.png|
2261,https://www.amazon.com/sspa/click?ie=UTF8&spc=MTo1NzAyNjc2OTM2MDAyNDEwOjE2Njg2MjU4MzM6c3BfYXRmOjIwMDA2MDcxODkwNzU0MTo6MDo6&url=%2FNewBang-Palette-Highlight-Professional-Cosmetic%2Fdp%2FB0928HXPKZ%2Fref%3Dsr_1_3_sspa%3Fcrid%3D32KL6R446VQOI%26keywords%3Dblush%26qid%3D1668625833%26sprefix%3Dblush%252Caps%252C92%26sr%3D8-3-spons%26sp_csd%3Dd2lkZ2V0TmFtZT1zcF9hdGY%26psc%3D1,"NewBang 8 Colors Blush Palette, Matte Mineral Blush Powder Bright Shimmer Face Blush,Contour and Highlight Blush Palette,Professional Facial Beauty Cosmetic Makeup Blush",Sponsored,4.4 out of 5 stars,"1,711",$9.99,"FREE delivery Tue, Nov 22 on $25 of items shipped by AmazonOr fastest delivery Fri, Nov 18|",B0928HXPKZ,https://m.media-amazon.com/images/I/814lH-6qWML._AC_UL320_.jpg
2262,https://www.amazon.com/Milani-Baked-Blush-Primavera-Cruelty-Free/dp/B07PNCB73M/ref=sr_1_4?crid=32KL6R446VQOI&keywords=blush&qid=1668625833&sprefix=blush%2Caps%2C92&sr=8-4,"Milani Baked Blush - Petal Primavera (0.12 Ounce) Cruelty-Free Powder Blush - Shape, Contour & Highlight Face for a Shimmery or Matte Finish",0.12 Ounce (Pack of 1),4.5 out of 5 stars,"30,767",$8.97,"FREE delivery Tue, Nov 22 on $25 of items shipped by AmazonOr fastest delivery Fri, Nov 18||Small Business|Small Business|Small Business|<img alt="""" src=""https://m.media-amazon.com/images/I/111mHoVK0kL._SS200_.png"" height=""50px"" width=""50px""/>  Small Business|<img alt="""" src=""https://m.media-amazon.com/images/I/111mHoVK0kL._SS200_.png"" height=""50px"" width=""50px""/>  Small Business",B07PNCB73M,https://m.media-amazon.com/images/I/81EPi2UzJpL._AC_UL320_.jpg|https://m.media-amazon.com/images/I/111mHoVK0kL._SS200_.png|
2263,https://www.amazon.com/l-f-Monochromatic-Multi-Cheeks-Dazzling/dp/B088W7L534/ref=sr_1_5?crid=32KL6R446VQOI&keywords=blush&qid=1668625833&sprefix=blush%2Caps%2C92&sr=8-5,"e.l.f. Monochromatic Multi Stick, Luxuriously Creamy & Blendable Color, For Eyes, Lips & Cheeks, Dazzling Peony, 0.155 Oz (4.4g)",1 Count (Pack of 1),4.2 out of 5 stars,"29,944",$5.00,"FREE delivery Tue, Nov 22 on $25 of items shipped by AmazonOr fastest delivery Fri, Nov 18|",B088W7L534,https://m.media-amazon.com/images/I/61PzYhp9XYL._AC_UL320_.jpg
2264,https://www.amazon.com/KIMUSE-Makeup-Weightless-Long-Wearing-Natural-Looking/dp/B09ZSXR1YY/ref=sr_1_6?crid=32KL6R446VQOI&keywords=blush&qid=1668625833&sprefix=blush%2Caps%2C92&sr=8-6,"KIMUSE Soft Cream Blush Makeup, Liquid Blush for Cheeks, Weightless, Long-Wearing, Smudge Proof, Natural-Looking, Dewy Finish, Skin Tint Blush Makeup",1 Count (Pack of 1),3.8 out of 5 stars,316,$12.99,"FREE delivery Tue, Nov 22 on $25 of items shipped by AmazonOr fastest delivery Fri, Nov 18|",B09ZSXR1YY,https://m.media-amazon.com/images/I/517uamj9A-L._AC_UL320_.jpg
2265,https://www.amazon.com/sspa/click?ie=UTF8&spc=MToyMTU2MTUzNTEyNTEyODM3OjE2Njg2MjU4MzM6c3Bfc2VhcmNoX3RoZW1hdGljOjIwMDA1NzgzNTIxMDk1MTo6MDo6&url=%2FLaura-Geller-York-Baked-Blush-n-Brighten%2Fdp%2FB00VVX4JZC%2Fref%3Dsxin_13_pa_sp_search_thematic_sspa%3Fcontent-id%3Damzn1.sym.4e7a2229-074e-44de-95c4-9fd858f46295%253Aamzn1.sym.4e7a2229-074e-44de-95c4-9fd858f46295%26crid%3D32KL6R446VQOI%26cv_ct_cx%3Dblush%26keywords%3Dblush%26pd_rd_i%3DB00VVX4JZC%26pd_rd_r%3D09707618-482a-4e82-a17b-200c1e766fd1%26pd_rd_w%3DLtRHo%26pd_rd_wg%3DBbEIW%26pf_rd_p%3D4e7a2229-074e-44de-95c4-9fd858f46295%26pf_rd_r%3D29FFZ292MYSZ783H8VPC%26qid%3D1668625833%26sprefix%3Dblush%252Caps%252C92%26sr%3D1-1-a73d1c8c-2fd2-4f19-aa41-2df022bcb241-spons%26sp_csd%3Dd2lkZ2V0TmFtZT1zcF9zZWFyY2hfdGhlbWF0aWM%26psc%3D1%26smid%3DA107LV0WKN7KME,LAURA GELLER NEW YORK Baked Blush-n-Brighten Marbleized Blush- Pink Buttercream Creamy Lightweight Natural Finish,0.16 Ounce (Pack of 1),4.5 out of 5 stars|4.5 out of 5 stars|4.6 out of 5 stars|4.6 out of 5 stars|4.3 out of 5 stars,"1,934|957|6,780|444|7,628",$28.00,"Small Business|Small Business|Small Business|<img alt="""" src=""https://m.media-amazon.com/images/I/111mHoVK0kL._SS200_.png"" height=""50px"" width=""50px""/>  Small Business|<img alt="""" src=""https://m.media-amazon.com/images/I/111mHoVK0kL._SS200_.png"" height=""50px"" width=""50px""/>  Small Business|Small Business|Small Business|Small Business|<img alt="""" src=""https://m.media-amazon.com/images/I/111mHoVK0kL._SS200_.png"" height=""50px"" width=""50px""/>  Small Business|<img alt="""" src=""https://m.media-amazon.com/images/I/111mHoVK0kL._SS200_.png"" height=""50px"" width=""50px""/>  Small Business|Climate Pledge Friendly  Small Business|Climate Pledge Friendly|Climate Pledge Friendly|Small Business|Small Business|<img alt="""" src=""https://m.media-amazon.com/images/I/216-OX9rBaL._SS200_.png"" height=""50px"" width=""50px""/>  Climate Pledge Friendly|<img alt="""" src=""https://m.media-amazon.com/images/I/216-OX9rBaL._SS200_.png"" height=""50px"" width=""50px""/>  Climate Pledge Friendly|<img alt="""" src=""https://m.media-amazon.com/images/I/41Y2L-DZWfL._SS200_.png"" height=""50px"" width=""50px""/> Compact by Design (Certified by Amazon)|<img alt="""" src=""https://m.media-amazon.com/images/I/111mHoVK0kL._SS200_.png"" height=""50px"" width=""50px""/>  Small Business|<img alt="""" src=""https://m.media-amazon.com/images/I/111mHoVK0kL._SS200_.png"" height=""50px"" width=""50px""/>  Small Business",,https://m.media-amazon.com/images/I/71nkGWP-TqL._AC_UL320_.jpg|https://m.media-amazon.com/images/I/111mHoVK0kL._SS200_.png||https://m.media-amazon.com/images/I/71to1rwkzVL._AC_UL320_.jpg|https://m.media-amazon.com/images/I/111mHoVK0kL._SS200_.png||https://m.media-amazon.com/images/I/91IjESN9VqL._AC_UL320_.jpg|https://m.media-amazon.com/images/I/51Hox7w-7xL._AC_UL320_.jpg|https://m.media-amazon.com/images/I/41pMQWxAVTL._AC_UL320_.jpg|https://m.media-amazon.com/images/I/216-OX9rBaL._SS200_.png|https://m.media-amazon.com/images/I/111mHoVK0kL._SS200_.png|||
2266,https://www.amazon.com/sspa/click?ie=UTF8&spc=MToyMTU2MTUzNTEyNTEyODM3OjE2Njg2MjU4MzM6c3Bfc2VhcmNoX3RoZW1hdGljOjIwMDA1NzgzNTIxMDk1MTo6MDo6&url=%2FLaura-Geller-York-Baked-Blush-n-Brighten%2Fdp%2FB00VVX4JZC%2Fref%3Dsxin_13_pa_sp_search_thematic_sspa%3Fcontent-id%3Damzn1.sym.4e7a2229-074e-44de-95c4-9fd858f46295%253Aamzn1.sym.4e7a2229-074e-44de-95c4-9fd858f46295%26crid%3D32KL6R446VQOI%26cv_ct_cx%3Dblush%26keywords%3Dblush%26pd_rd_i%3DB00VVX4JZC%26pd_rd_r%3D09707618-482a-4e82-a17b-200c1e766fd1%26pd_rd_w%3DLtRHo%26pd_rd_wg%3DBbEIW%26pf_rd_p%3D4e7a2229-074e-44de-95c4-9fd858f46295%26pf_rd_r%3D29FFZ292MYSZ783H8VPC%26qid%3D1668625833%26sprefix%3Dblush%252Caps%252C92%26sr%3D1-1-a73d1c8c-2fd2-4f19-aa41-2df022bcb241-spons%26sp_csd%3Dd2lkZ2V0TmFtZT1zcF9zZWFyY2hfdGhlbWF0aWM%26psc%3D1%26smid%3DA107LV0WKN7KME,LAURA GELLER NEW YORK Baked Blush-n-Brighten Marbleized Blush- Pink Buttercream Creamy Lightweight Natural Finish,0.16 Ounce (Pack of 1),4.5 out of 5 stars,"1,934",$28.00,"Small Business|Small Business|Small Business|<img alt="""" src=""https://m.media-amazon.com/images/I/111mHoVK0kL._SS200_.png"" height=""50px"" width=""50px""/>  Small Business|<img alt="""" src=""https://m.media-amazon.com/images/I/111mHoVK0kL._SS200_.png"" height=""50px"" width=""50px""/>  Small Business",B00VVX4JZC,https://m.media-amazon.com/images/I/71nkGWP-TqL._AC_UL320_.jpg|https://m.media-amazon.com/images/I/111mHoVK0kL._SS200_.png|
2267,https://www.amazon.com/sspa/click?ie=UTF8&spc=MToyMTU2MTUzNTEyNTEyODM3OjE2Njg2MjU4MzM6c3Bfc2VhcmNoX3RoZW1hdGljOjIwMDA5MTMwNjI0MDI1MTo6MTo6&url=%2FLaura-Geller-York-Baked-Blush-n-Brighten%2Fdp%2FB00II178H6%2Fref%3Dsxin_13_pa_sp_search_thematic_sspa%3Fcontent-id%3Damzn1.sym.4e7a2229-074e-44de-95c4-9fd858f46295%253Aamzn1.sym.4e7a2229-074e-44de-95c4-9fd858f46295%26crid%3D32KL6R446VQOI%26cv_ct_cx%3Dblush%26keywords%3Dblush%26pd_rd_i%3DB00II178H6%26pd_rd_r%3D09707618-482a-4e82-a17b-200c1e766fd1%26pd_rd_w%3DLtRHo%26pd_rd_wg%3DBbEIW%26pf_rd_p%3D4e7a2229-074e-44de-95c4-9fd858f46295%26pf_rd_r%3D29FFZ292MYSZ783H8VPC%26qid%3D1668625833%26sprefix%3Dblush%252Caps%252C92%26sr%3D1-2-a73d1c8c-2fd2-4f19-aa41-2df022bcb241-spons%26sp_csd%3Dd2lkZ2V0TmFtZT1zcF9zZWFyY2hfdGhlbWF0aWM%26psc%3D1%26smid%3DA107LV0WKN7KME,LAURA GELLER NEW YORK Baked Blush-n-Brighten Marbleized Blush - Pink Grapefruit Creamy Lightweight Satin Finish,0.16 Ounce (Pack of 1),4.5 out of 5 stars,957,$25.99,"Small Business|Small Business|Small Business|<img alt="""" src=""https://m.media-amazon.com/images/I/111mHoVK0kL._SS200_.png"" height=""50px"" width=""50px""/>  Small Business|<img alt="""" src=""https://m.media-amazon.com/images/I/111mHoVK0kL._SS200_.png"" height=""50px"" width=""50px""/>  Small Business",B00II178H6,https://m.media-amazon.com/images/I/71to1rwkzVL._AC_UL320_.jpg|https://m.media-amazon.com/images/I/111mHoVK0kL._SS200_.png|
2268,https://www.amazon.com/sspa/click?ie=UTF8&spc=MToyMTU2MTUzNTEyNTEyODM3OjE2Njg2MjU4MzM6c3Bfc2VhcmNoX3RoZW1hdGljOjIwMDEwMTk5NzExMjg5ODo6Mjo6&url=%2FPhysicians-Formula-Powder-Palette-Blushing%2Fdp%2FB001QX8DPO%2Fref%3Dsxin_13_pa_sp_search_thematic_sspa%3Fcontent-id%3Damzn1.sym.4e7a2229-074e-44de-95c4-9fd858f46295%253Aamzn1.sym.4e7a2229-074e-44de-95c4-9fd858f46295%26crid%3D32KL6R446VQOI%26cv_ct_cx%3Dblush%26keywords%3Dblush%26pd_rd_i%3DB001QX8DPO%26pd_rd_r%3D09707618-482a-4e82-a17b-200c1e766fd1%26pd_rd_w%3DLtRHo%26pd_rd_wg%3DBbEIW%26pf_rd_p%3D4e7a2229-074e-44de-95c4-9fd858f46295%26pf_rd_r%3D29FFZ292MYSZ783H8VPC%26qid%3D1668625833%26sprefix%3Dblush%252Caps%252C92%26sr%3D1-3-a73d1c8c-2fd2-4f19-aa41-2df022bcb241-spons%26sp_csd%3Dd2lkZ2V0TmFtZT1zcF9zZWFyY2hfdGhlbWF0aWM%26psc%3D1,Physicians Formula Powder Palette Multi-Colored Blush Blushing Peach,0.17 Ounce (Pack of 1),4.6 out of 5 stars,"6,780",$12.49,,B001QX8DPO,https://m.media-amazon.com/images/I/91IjESN9VqL._AC_UL320_.jpg
2269,https://www.amazon.com/sspa/click?ie=UTF8&spc=MToyMTU2MTUzNTEyNTEyODM3OjE2Njg2MjU4MzM6c3Bfc2VhcmNoX3RoZW1hdGljOjIwMDAxMzYxNzkyODU4MTo6Mzo6&url=%2FAnastasia-Beverly-Hills-Blush-Peachy%2Fdp%2FB0725W1D66%2Fref%3Dsxin_13_pa_sp_search_thematic_sspa%3Fcontent-id%3Damzn1.sym.4e7a2229-074e-44de-95c4-9fd858f46295%253Aamzn1.sym.4e7a2229-074e-44de-95c4-9fd858f46295%26crid%3D32KL6R446VQOI%26cv_ct_cx%3Dblush%26keywords%3Dblush%26pd_rd_i%3DB0725W1D66%26pd_rd_r%3D09707618-482a-4e82-a17b-200c1e766fd1%26pd_rd_w%3DLtRHo%26pd_rd_wg%3DBbEIW%26pf_rd_p%3D4e7a2229-074e-44de-95c4-9fd858f46295%26pf_rd_r%3D29FFZ292MYSZ783H8VPC%26qid%3D1668625833%26sprefix%3Dblush%252Caps%252C92%26sr%3D1-4-a73d1c8c-2fd2-4f19-aa41-2df022bcb241-spons%26sp_csd%3Dd2lkZ2V0TmFtZT1zcF9zZWFyY2hfdGhlbWF0aWM%26psc%3D1,Anastasia Beverly Hills - Blush Trio,1 Count (Pack of 1),4.6 out of 5 stars,444,$30.00,,B0725W1D66,https://m.media-amazon.com/images/I/51Hox7w-7xL._AC_UL320_.jpg
2270,https://www.amazon.com/sspa/click?ie=UTF8&spc=MToyMTU2MTUzNTEyNTEyODM3OjE2Njg2MjU4MzM6c3Bfc2VhcmNoX3RoZW1hdGljOjIwMDA5NjgxNzY3NTg5ODo6NDo6&url=%2FHAN-Cosmetics-Natural-Cheek-Berry%2Fdp%2FB010TF8LXS%2Fref%3Dsxin_13_pa_sp_search_thematic_sspa%3Fcontent-id%3Damzn1.sym.4e7a2229-074e-44de-95c4-9fd858f46295%253Aamzn1.sym.4e7a2229-074e-44de-95c4-9fd858f46295%26crid%3D32KL6R446VQOI%26cv_ct_cx%3Dblush%26keywords%3Dblush%26pd_rd_i%3DB010TF8LXS%26pd_rd_r%3D09707618-482a-4e82-a17b-200c1e766fd1%26pd_rd_w%3DLtRHo%26pd_rd_wg%3DBbEIW%26pf_rd_p%3D4e7a2229-074e-44de-95c4-9fd858f46295%26pf_rd_r%3D29FFZ292MYSZ783H8VPC%26qid%3D1668625833%26sprefix%3Dblush%252Caps%252C92%26sr%3D1-5-a73d1c8c-2fd2-4f19-aa41-2df022bcb241-spons%26sp_csd%3Dd2lkZ2V0TmFtZT1zcF9zZWFyY2hfdGhlbWF0aWM%26psc%3D1,"HAN Skincare Cosmetics All Natural 3-in-1 Multistick for Cheeks, Lips, Eyes, Rose Berry | 0.20 oz",1 Count (Pack of 1),4.3 out of 5 stars,"7,628",$18.00,"Climate Pledge Friendly  Small Business|Climate Pledge Friendly|Climate Pledge Friendly|Small Business|Small Business|<img alt="""" src=""https://m.media-amazon.com/images/I/216-OX9rBaL._SS200_.png"" height=""50px"" width=""50px""/>  Climate Pledge Friendly|<img alt="""" src=""https://m.media-amazon.com/images/I/216-OX9rBaL._SS200_.png"" height=""50px"" width=""50px""/>  Climate Pledge Friendly|<img alt="""" src=""https://m.media-amazon.com/images/I/41Y2L-DZWfL._SS200_.png"" height=""50px"" width=""50px""/> Compact by Design (Certified by Amazon)|<img alt="""" src=""https://m.media-amazon.com/images/I/111mHoVK0kL._SS200_.png"" height=""50px"" width=""50px""/>  Small Business|<img alt="""" src=""https://m.media-amazon.com/images/I/111mHoVK0kL._SS200_.png"" height=""50px"" width=""50px""/>  Small Business",B010TF8LXS,https://m.media-amazon.com/images/I/41pMQWxAVTL._AC_UL320_.jpg|https://m.media-amazon.com/images/I/216-OX9rBaL._SS200_.png|https://m.media-amazon.com/images/I/111mHoVK0kL._SS200_.png|||
2271,https://aax-us-iad.amazon.com/x/c/RLEDSqrjv50yhLUF6OwnikQAAAGEgdmczQEAAAH2AQBOL0EgICAgICAgICAgICBOL0EgICAgICAgICAgICDUO8mI/https://www.amazon.com/dp/B08R7V3CBJ?pd_rd_i=B08R7V3CBJ&pf_rd_p=b000e0a0-9e93-480f-bf78-a83c8136dfcb&pf_rd_r=29FFZ292MYSZ783H8VPC&pd_rd_wg=BbEIW&pd_rd_w=fonPG&pd_rd_r=09707618-482a-4e82-a17b-200c1e766fd1,Ogee Sculpted Face Stick (CARNELIAN - SHEER LUMINOUS CORAL) Certified Organic Face Makeup - Multi-Use Cream Blush & Highlighter,Sponsored,4.3 out of 5 stars,463,$52.00,"FREE delivery Tue, Nov 22 Or fastest delivery Fri, Nov 18|",,
2272,https://www.amazon.com/Amazon-Basics-Lightweight-Microfiber-Pockets/dp/B07QVRF4YX/ref=sxin_15_trfobq2a_0_B07QVRF4YX?content-id=amzn1.sym.2500a036-1c45-42a8-89a2-72bf8896ce48%3Aamzn1.sym.2500a036-1c45-42a8-89a2-72bf8896ce48&crid=32KL6R446VQOI&cv_ct_cx=blush&keywords=blush&pd_rd_i=B07QVRF4YX&pd_rd_r=09707618-482a-4e82-a17b-200c1e766fd1&pd_rd_w=xlaCS&pd_rd_wg=BbEIW&pf_rd_p=2500a036-1c45-42a8-89a2-72bf8896ce48&pf_rd_r=29FFZ292MYSZ783H8VPC&qid=1668625833&sprefix=blush%2Caps%2C92&sr=1-1-c944532c-3909-4a2a-84a2-570d2ee3cd13,"Amazon Basics Lightweight Super Soft Easy Care Microfiber Bed Sheet Set with 14” Deep Pockets - Queen, Blush Pink",,4.6 out of 5 stars|4.5 out of 5 stars|4.1 out of 5 stars|4.5 out of 5 stars|4.7 out of 5 stars|4.2 out of 5 stars|4.6 out of 5 stars|4.3 out of 5 stars,"423,895|2,869|501|25,509|29,728|50,171|3,055|3,656",$16.77,"Climate Pledge Friendly|Climate Pledge Friendly|Climate Pledge Friendly|<img alt="""" src=""https://m.media-amazon.com/images/I/216-OX9rBaL._SS200_.png"" height=""50px"" width=""50px""/>  Climate Pledge Friendly|<img alt="""" src=""https://m.media-amazon.com/images/I/216-OX9rBaL._SS200_.png"" height=""50px"" width=""50px""/>  Climate Pledge Friendly|<img alt="""" src=""https://m.media-amazon.com/images/I/81KlC+63xfL._SS200_.jpg"" height=""50px"" width=""50px""/> MADE IN GREEN by OEKO-TEX|Climate Pledge Friendly|Climate Pledge Friendly|Climate Pledge Friendly|<img alt="""" src=""https://m.media-amazon.com/images/I/216-OX9rBaL._SS200_.png"" height=""50px"" width=""50px""/>  Climate Pledge Friendly|<img alt="""" src=""https://m.media-amazon.com/images/I/216-OX9rBaL._SS200_.png"" height=""50px"" width=""50px""/>  Climate Pledge Friendly|<img alt="""" src=""https://m.media-amazon.com/images/I/81KlC+63xfL._SS200_.jpg"" height=""50px"" width=""50px""/> MADE IN GREEN by OEKO-TEX|Climate Pledge Friendly|Climate Pledge Friendly|Climate Pledge Friendly|<img alt="""" src=""https://m.media-amazon.com/images/I/216-OX9rBaL._SS200_.png"" height=""50px"" width=""50px""/>  Climate Pledge Friendly|<img alt="""" src=""https://m.media-amazon.com/images/I/216-OX9rBaL._SS200_.png"" height=""50px"" width=""50px""/>  Climate Pledge Friendly|<img alt="""" src=""https://m.media-amazon.com/images/I/81KlC+63xfL._SS200_.jpg"" height=""50px"" width=""50px""/> MADE IN GREEN by OEKO-TEX|Climate Pledge Friendly|Climate Pledge Friendly|Climate Pledge Friendly|<img alt="""" src=""https://m.media-amazon.com/images/I/216-OX9rBaL._SS200_.png"" height=""50px"" width=""50px""/>  Climate Pledge Friendly|<img alt="""" src=""https://m.media-amazon.com/images/I/216-OX9rBaL._SS200_.png"" height=""50px"" width=""50px""/>  Climate Pledge Friendly|<img alt="""" src=""https://m.media-amazon.com/images/I/81KlC+63xfL._SS200_.jpg"" height=""50px"" width=""50px""/> MADE IN GREEN by OEKO-TEX|Climate Pledge Friendly|Climate Pledge Friendly|Climate Pledge Friendly|<img alt="""" src=""https://m.media-amazon.com/images/I/216-OX9rBaL._SS200_.png"" height=""50px"" width=""50px""/>  Climate Pledge Friendly|<img alt="""" src=""https://m.media-amazon.com/images/I/216-OX9rBaL._SS200_.png"" height=""50px"" width=""50px""/>  Climate Pledge Friendly|<img alt="""" src=""https://m.media-amazon.com/images/I/81KlC+63xfL._SS200_.jpg"" height=""50px"" width=""50px""/> MADE IN GREEN by OEKO-TEX",,https://m.media-amazon.com/images/I/619ygle2zkL._AC_UL320_.jpg|https://m.media-amazon.com/images/I/216-OX9rBaL._SS200_.png|||https://m.media-amazon.com/images/I/91s33OSccYL._AC_UL320_.jpg|https://m.media-amazon.com/images/I/71l3XDCUP9L._AC_UL320_.jpg|https://m.media-amazon.com/images/I/7138tjQKEeL._AC_UL320_.jpg|https://m.media-amazon.com/images/I/216-OX9rBaL._SS200_.png|||https://m.media-amazon.com/images/I/81Q+Zr8v2IS._AC_UL320_.jpg|https://m.media-amazon.com/images/I/216-OX9rBaL._SS200_.png|||https://m.media-amazon.com/images/I/81AetQcgsVL._AC_UL320_.jpg|https://m.media-amazon.com/images/I/216-OX9rBaL._SS200_.png|||https://m.media-amazon.com/images/I/81Nno4L2C4L._AC_UL320_.jpg|https://m.media-amazon.com/images/I/216-OX9rBaL._SS200_.png|||https://m.media-amazon.com/images/I/714Znq85uWS._MCnd_AC_UL320_.jpg
2273,https://www.amazon.com/Amazon-Basics-Lightweight-Microfiber-Pockets/dp/B07QVRF4YX/ref=sxin_15_trfobq2a_0_B07QVRF4YX?content-id=amzn1.sym.2500a036-1c45-42a8-89a2-72bf8896ce48%3Aamzn1.sym.2500a036-1c45-42a8-89a2-72bf8896ce48&crid=32KL6R446VQOI&cv_ct_cx=blush&keywords=blush&pd_rd_i=B07QVRF4YX&pd_rd_r=09707618-482a-4e82-a17b-200c1e766fd1&pd_rd_w=xlaCS&pd_rd_wg=BbEIW&pf_rd_p=2500a036-1c45-42a8-89a2-72bf8896ce48&pf_rd_r=29FFZ292MYSZ783H8VPC&qid=1668625833&sprefix=blush%2Caps%2C92&sr=1-1-c944532c-3909-4a2a-84a2-570d2ee3cd13,"Amazon Basics Lightweight Super Soft Easy Care Microfiber Bed Sheet Set with 14” Deep Pockets - Queen, Blush Pink",,4.6 out of 5 stars,"423,895",$16.77,"Climate Pledge Friendly|Climate Pledge Friendly|Climate Pledge Friendly|<img alt="""" src=""https://m.media-amazon.com/images/I/216-OX9rBaL._SS200_.png"" height=""50px"" width=""50px""/>  Climate Pledge Friendly|<img alt="""" src=""https://m.media-amazon.com/images/I/216-OX9rBaL._SS200_.png"" height=""50px"" width=""50px""/>  Climate Pledge Friendly|<img alt="""" src=""https://m.media-amazon.com/images/I/81KlC+63xfL._SS200_.jpg"" height=""50px"" width=""50px""/> MADE IN GREEN by OEKO-TEX",B07QVRF4YX,https://m.media-amazon.com/images/I/619ygle2zkL._AC_UL320_.jpg|https://m.media-amazon.com/images/I/216-OX9rBaL._SS200_.png||
2274,https://www.amazon.com/Amazon-Basics-Shaggy-Sherpa-Blanket/dp/B08FTNS7XF/ref=sxin_15_trfobq2a_1_B08FTNS7XF?content-id=amzn1.sym.2500a036-1c45-42a8-89a2-72bf8896ce48%3Aamzn1.sym.2500a036-1c45-42a8-89a2-72bf8896ce48&crid=32KL6R446VQOI&cv_ct_cx=blush&keywords=blush&pd_rd_i=B08FTNS7XF&pd_rd_r=09707618-482a-4e82-a17b-200c1e766fd1&pd_rd_w=xlaCS&pd_rd_wg=BbEIW&pf_rd_p=2500a036-1c45-42a8-89a2-72bf8896ce48&pf_rd_r=29FFZ292MYSZ783H8VPC&qid=1668625833&sprefix=blush%2Caps%2C92&sr=1-2-c944532c-3909-4a2a-84a2-570d2ee3cd13,"Amazon Basics Shaggy Long Fur Faux Fur Sherpa Throw Blanket, 50""x60"" - Peach Blush",Lowest price in 30 days,4.5 out of 5 stars,"2,869",$15.99,,B08FTNS7XF,https://m.media-amazon.com/images/I/91s33OSccYL._AC_UL320_.jpg
2275,https://www.amazon.com/Vital-Luxury-Skincare-Fragrance-Lavender/dp/B098DQLCV6/ref=sxin_15_trfobq2a_2_B098DQLCV6?content-id=amzn1.sym.2500a036-1c45-42a8-89a2-72bf8896ce48%3Aamzn1.sym.2500a036-1c45-42a8-89a2-72bf8896ce48&crid=32KL6R446VQOI&cv_ct_cx=blush&keywords=blush&pd_rd_i=B098DQLCV6&pd_rd_r=09707618-482a-4e82-a17b-200c1e766fd1&pd_rd_w=xlaCS&pd_rd_wg=BbEIW&pf_rd_p=2500a036-1c45-42a8-89a2-72bf8896ce48&pf_rd_r=29FFZ292MYSZ783H8VPC&qid=1668625833&sprefix=blush%2Caps%2C92&sr=1-3-c944532c-3909-4a2a-84a2-570d2ee3cd13,"Vital Luxury Bath & Body Kit, 3 Fl Oz, Ideal Skincare Gift Home Spa Set, Includes Body Lotion, Shower Gel, Body Cream, and Fragrance Mist (Lavender Vanilla Blush)",($5.50/Count),4.1 out of 5 stars,501,$21.99,,B098DQLCV6,https://m.media-amazon.com/images/I/71l3XDCUP9L._AC_UL320_.jpg
2276,https://www.amazon.com/AmazonBasics-Pinch-Down-Alternative-Comforter-Bedding/dp/B0831ZFM8Y/ref=sxin_15_trfobq2a_3_B0831ZFM8Y?content-id=amzn1.sym.2500a036-1c45-42a8-89a2-72bf8896ce48%3Aamzn1.sym.2500a036-1c45-42a8-89a2-72bf8896ce48&crid=32KL6R446VQOI&cv_ct_cx=blush&keywords=blush&pd_rd_i=B0831ZFM8Y&pd_rd_r=09707618-482a-4e82-a17b-200c1e766fd1&pd_rd_w=xlaCS&pd_rd_wg=BbEIW&pf_rd_p=2500a036-1c45-42a8-89a2-72bf8896ce48&pf_rd_r=29FFZ292MYSZ783H8VPC&qid=1668625833&sprefix=blush%2Caps%2C92&sr=1-4-c944532c-3909-4a2a-84a2-570d2ee3cd13,"Amazon Basics Pinch Pleat All-Season Down-Alternative Comforter Bedding Set - Twin / Twin XL, Blush",,4.5 out of 5 stars,"25,509",$39.99,"Climate Pledge Friendly|Climate Pledge Friendly|Climate Pledge Friendly|<img alt="""" src=""https://m.media-amazon.com/images/I/216-OX9rBaL._SS200_.png"" height=""50px"" width=""50px""/>  Climate Pledge Friendly|<img alt="""" src=""https://m.media-amazon.com/images/I/216-OX9rBaL._SS200_.png"" height=""50px"" width=""50px""/>  Climate Pledge Friendly|<img alt="""" src=""https://m.media-amazon.com/images/I/81KlC+63xfL._SS200_.jpg"" height=""50px"" width=""50px""/> MADE IN GREEN by OEKO-TEX",B0831ZFM8Y,https://m.media-amazon.com/images/I/7138tjQKEeL._AC_UL320_.jpg|https://m.media-amazon.com/images/I/216-OX9rBaL._SS200_.png||
2277,https://www.amazon.com/Amazon-Basics-Cotton-Jersey-Quilt/dp/B08FY89QSG/ref=sxin_15_trfobq2a_4_B08FY89QSG?content-id=amzn1.sym.2500a036-1c45-42a8-89a2-72bf8896ce48%3Aamzn1.sym.2500a036-1c45-42a8-89a2-72bf8896ce48&crid=32KL6R446VQOI&cv_ct_cx=blush&keywords=blush&pd_rd_i=B08FY89QSG&pd_rd_r=09707618-482a-4e82-a17b-200c1e766fd1&pd_rd_w=xlaCS&pd_rd_wg=BbEIW&pf_rd_p=2500a036-1c45-42a8-89a2-72bf8896ce48&pf_rd_r=29FFZ292MYSZ783H8VPC&qid=1668625833&sprefix=blush%2Caps%2C92&sr=1-5-c944532c-3909-4a2a-84a2-570d2ee3cd13,"Amazon Basics Cotton Jersey Quilt and Sham Bed Set, Down-Alternative Quilt - Twin/Twin XL, Blush",,4.7 out of 5 stars,"29,728",$31.63,"Climate Pledge Friendly|Climate Pledge Friendly|Climate Pledge Friendly|<img alt="""" src=""https://m.media-amazon.com/images/I/216-OX9rBaL._SS200_.png"" height=""50px"" width=""50px""/>  Climate Pledge Friendly|<img alt="""" src=""https://m.media-amazon.com/images/I/216-OX9rBaL._SS200_.png"" height=""50px"" width=""50px""/>  Climate Pledge Friendly|<img alt="""" src=""https://m.media-amazon.com/images/I/81KlC+63xfL._SS200_.jpg"" height=""50px"" width=""50px""/> MADE IN GREEN by OEKO-TEX",B08FY89QSG,https://m.media-amazon.com/images/I/81Q+Zr8v2IS._AC_UL320_.jpg|https://m.media-amazon.com/images/I/216-OX9rBaL._SS200_.png||
2278,https://www.amazon.com/AmazonBasics-Light-Weight-Microfiber-Zipper-Closure/dp/B08356JSG9/ref=sxin_15_trfobq2a_5_B08356JSG9?content-id=amzn1.sym.2500a036-1c45-42a8-89a2-72bf8896ce48%3Aamzn1.sym.2500a036-1c45-42a8-89a2-72bf8896ce48&crid=32KL6R446VQOI&cv_ct_cx=blush&keywords=blush&pd_rd_i=B08356JSG9&pd_rd_r=09707618-482a-4e82-a17b-200c1e766fd1&pd_rd_w=xlaCS&pd_rd_wg=BbEIW&pf_rd_p=2500a036-1c45-42a8-89a2-72bf8896ce48&pf_rd_r=29FFZ292MYSZ783H8VPC&qid=1668625833&sprefix=blush%2Caps%2C92&sr=1-6-c944532c-3909-4a2a-84a2-570d2ee3cd13,"Amazon Basics Light-Weight Microfiber Duvet Cover Set with Zipper Closure - Full/Queen, Blush Pink",,4.2 out of 5 stars,"50,171",$27.19,"Climate Pledge Friendly|Climate Pledge Friendly|Climate Pledge Friendly|<img alt="""" src=""https://m.media-amazon.com/images/I/216-OX9rBaL._SS200_.png"" height=""50px"" width=""50px""/>  Climate Pledge Friendly|<img alt="""" src=""https://m.media-amazon.com/images/I/216-OX9rBaL._SS200_.png"" height=""50px"" width=""50px""/>  Climate Pledge Friendly|<img alt="""" src=""https://m.media-amazon.com/images/I/81KlC+63xfL._SS200_.jpg"" height=""50px"" width=""50px""/> MADE IN GREEN by OEKO-TEX",B08356JSG9,https://m.media-amazon.com/images/I/81AetQcgsVL._AC_UL320_.jpg|https://m.media-amazon.com/images/I/216-OX9rBaL._SS200_.png||
2279,https://www.amazon.com/AmazonBasics-College-Elastic-Storage-Pockets/dp/B0835F4D12/ref=sxin_15_trfobq2a_6_B0835F4D12?content-id=amzn1.sym.2500a036-1c45-42a8-89a2-72bf8896ce48%3Aamzn1.sym.2500a036-1c45-42a8-89a2-72bf8896ce48&crid=32KL6R446VQOI&cv_ct_cx=blush&keywords=blush&pd_rd_i=B0835F4D12&pd_rd_r=09707618-482a-4e82-a17b-200c1e766fd1&pd_rd_w=xlaCS&pd_rd_wg=BbEIW&pf_rd_p=2500a036-1c45-42a8-89a2-72bf8896ce48&pf_rd_r=29FFZ292MYSZ783H8VPC&qid=1668625833&sprefix=blush%2Caps%2C92&sr=1-7-c944532c-3909-4a2a-84a2-570d2ee3cd13,"Amazon Basics Reversible Microfiber Bed-in-a-Bag with Elastic Storage Pockets - Twin/Twin XL, Blush Dotted Stripe",,4.6 out of 5 stars,"3,055",$47.17,"Climate Pledge Friendly|Climate Pledge Friendly|Climate Pledge Friendly|<img alt="""" src=""https://m.media-amazon.com/images/I/216-OX9rBaL._SS200_.png"" height=""50px"" width=""50px""/>  Climate Pledge Friendly|<img alt="""" src=""https://m.media-amazon.com/images/I/216-OX9rBaL._SS200_.png"" height=""50px"" width=""50px""/>  Climate Pledge Friendly|<img alt="""" src=""https://m.media-amazon.com/images/I/81KlC+63xfL._SS200_.jpg"" height=""50px"" width=""50px""/> MADE IN GREEN by OEKO-TEX",B0835F4D12,https://m.media-amazon.com/images/I/81Nno4L2C4L._AC_UL320_.jpg|https://m.media-amazon.com/images/I/216-OX9rBaL._SS200_.png||
2280,https://www.amazon.com/Amazon-Essentials-Womens-Standard-Lightweight/dp/B07N7ZJGG1/ref=sxin_15_trfobq2a_7_B07N7ZJGG1?content-id=amzn1.sym.2500a036-1c45-42a8-89a2-72bf8896ce48%3Aamzn1.sym.2500a036-1c45-42a8-89a2-72bf8896ce48&crid=32KL6R446VQOI&cv_ct_cx=blush&keywords=blush&pd_rd_i=B07N7ZJGG1&pd_rd_r=09707618-482a-4e82-a17b-200c1e766fd1&pd_rd_w=xlaCS&pd_rd_wg=BbEIW&pf_rd_p=2500a036-1c45-42a8-89a2-72bf8896ce48&pf_rd_r=29FFZ292MYSZ783H8VPC&qid=1668625833&sprefix=blush%2Caps%2C92&sr=1-8-c944532c-3909-4a2a-84a2-570d2ee3cd13,Amazon Essentials Women's Lightweight Lounge Terry Jogger Pajama Pant,,4.3 out of 5 stars,"3,656",$10.60,,B07N7ZJGG1,https://m.media-amazon.com/images/I/714Znq85uWS._MCnd_AC_UL320_.jpg
2282,https://www.amazon.com/Maybelline-Lightweight-Blendable-Long-lasting-Enhancing/dp/B06XDYKJDJ/ref=sr_1_7?crid=32KL6R446VQOI&keywords=blush&qid=1668625833&sprefix=blush%2Caps%2C92&sr=8-7,"Maybelline Fit Me Blush, Lightweight, Smooth, Blendable, Long-lasting All-Day Face Enhancing Makeup Color, Pink, 1 Count",0.16 Ounce (Pack of 1),4.4 out of 5 stars,"25,742",$5.48,"FREE delivery Wed, Nov 23 on $25 of items shipped by AmazonOr fastest delivery Sun, Nov 20|",B06XDYKJDJ,https://m.media-amazon.com/images/I/71zZdKXtSXS._AC_UL320_.jpg
2283,https://www.amazon.com/l-f-Cosmetics-Velvety-Lightweight-Pigmented/dp/B08T7CY6JC/ref=sr_1_8?crid=32KL6R446VQOI&keywords=blush&qid=1668625833&sprefix=blush%2Caps%2C92&sr=8-8,"e.l.f. Putty Blush, Creamy & Ultra Pigmented Formula, Infused with Argan Oil & Vitamin E, Bora Bora, 0.35 Oz (10g)",1 Count (Pack of 1),4.4 out of 5 stars,"3,548",$7.00,"FREE delivery Tue, Nov 22 on $25 of items shipped by AmazonOr fastest delivery Fri, Nov 18|",B08T7CY6JC,https://m.media-amazon.com/images/I/51VB5uoNFwL._AC_UL320_.jpg
2284,https://www.amazon.com/COVERGIRL-Cheekers-Blendable-Natural-Twinkle-12/dp/B000ORPZIG/ref=sr_1_9?crid=32KL6R446VQOI&keywords=blush&qid=1668625833&sprefix=blush%2Caps%2C92&sr=8-9,"COVERGIRL Cheekers Blendable Powder Blush Natural Twinkle.12 oz, 1 Count",0.12 Ounce (Pack of 1),4.6 out of 5 stars,"13,334",$4.63,"FREE delivery Tue, Nov 22 on $25 of items shipped by AmazonOr fastest delivery Fri, Nov 18|",B000ORPZIG,https://m.media-amazon.com/images/I/71XAsPfEZEL._AC_UL320_.jpg
2285,https://www.amazon.com/NewBang-Palette-Highlight-Professional-Cosmetic/dp/B0928HXPKZ/ref=sr_1_10?crid=32KL6R446VQOI&keywords=blush&qid=1668625833&sprefix=blush%2Caps%2C92&sr=8-10,"NewBang 8 Colors Blush Palette, Matte Mineral Blush Powder Bright Shimmer Face Blush,Contour and Highlight Blush Palette,Professional Facial Beauty Cosmetic Makeup Blush",2 Piece Set,4.4 out of 5 stars,"1,711",$9.99,"FREE delivery Tue, Nov 22 on $25 of items shipped by AmazonOr fastest delivery Fri, Nov 18|",B0928HXPKZ,https://m.media-amazon.com/images/I/814lH-6qWML._AC_UL320_.jpg
2286,https://www.amazon.com/Rimmel-Maxi-Blush-Fluid-Ounce/dp/B07D7JKFDH/ref=sr_1_11?crid=32KL6R446VQOI&keywords=blush&qid=1668625833&sprefix=blush%2Caps%2C92&sr=8-11,"Rimmel Maxi Blush, Wild Card",0.31 Ounce (Pack of 1),4.4 out of 5 stars,"3,222",$4.28,"FREE delivery Tue, Nov 22 on $25 of items shipped by AmazonOr fastest delivery Fri, Nov 18|",B07D7JKFDH,https://m.media-amazon.com/images/I/81ESisv3mSL._AC_UL320_.jpg
2287,https://www.amazon.com/KYDA-Moisturizing-Lightweight-Cruelty-free-Beauty-Happy/dp/B0BF8FWY3S/ref=sr_1_12?crid=32KL6R446VQOI&keywords=blush&qid=1668625833&sprefix=blush%2Caps%2C92&sr=8-12,"KYDA Blush Beauty Wand, Liquid Face Rouge with Cushion Applicator, Natural Shimmer Finish, Moisturizing Creamy Formula, Silky Smooth Lightweight Blendable Glowing Blush, Cruelty-free, 0.41 fl.oz, by Ownest Beauty-Happy Pink",0.41 Ounce (Pack of 1),4.0 out of 5 stars,11,$9.99,"FREE delivery Tue, Nov 22 on $25 of items shipped by AmazonOr fastest delivery Fri, Nov 18|",B0BF8FWY3S,https://m.media-amazon.com/images/I/817dhapOeBL._AC_UL320_.jpg
2288,https://www.amazon.com/Bareminerals-Gen-Nude-Powder-Blush/dp/B07982K22S/ref=sr_1_13?crid=32KL6R446VQOI&keywords=blush&qid=1668625833&sprefix=blush%2Caps%2C92&sr=8-13,"Bare Escentuals bareMinerals Gen Nude Powder Blush for Women, 0.21 Ounce, Call My Blush",0.21 Ounce (Pack of 1),4.7 out of 5 stars,"2,963",$19.55,"FREE delivery Tue, Nov 22 on $25 of items shipped by AmazonOr fastest delivery Fri, Nov 18|",B07982K22S,https://m.media-amazon.com/images/I/71sOvOqL+mL._AC_UL320_.jpg
2289,https://www.amazon.com/LOreal-Match-Blush-Barely-Blushing/dp/B001ADVWZI/ref=sr_1_14?crid=32KL6R446VQOI&keywords=blush&qid=1668625833&sprefix=blush%2Caps%2C92&sr=8-14,"L'Oreal True Match Blush, Barely Blushing [W3-4], 0.21 oz",0.21 Ounce (Pack of 1),4.5 out of 5 stars,"8,913",$6.97,"FREE delivery Tue, Nov 22 on $25 of items shipped by AmazonOr fastest delivery Fri, Nov 18|",B001ADVWZI,https://m.media-amazon.com/images/I/61+eya9nf5L._AC_UL320_.jpg
2290,https://www.amazon.com/COVERGIRL-Cheekbones-Contouring-Sophisticated-packaging/dp/B001A9GTVE/ref=sr_1_15?crid=32KL6R446VQOI&keywords=blush&qid=1668625833&sprefix=blush%2Caps%2C92&sr=8-15,"COVERGIRL Instant Cheekbones Contouring Blush Sophisticated Sable 240, 0.29 Ounce,1 Count",0.29 Ounce (Pack of 1),4.5 out of 5 stars,"6,234",$5.97,"FREE delivery Tue, Nov 22 on $25 of items shipped by AmazonOr fastest delivery Fri, Nov 18|",B001A9GTVE,https://m.media-amazon.com/images/I/81GEjpZciOL._AC_UL320_.jpg
2291,https://www.amazon.com/Color-Ombre-316B-Princess-Diaquiries/dp/B01BHFLB72/ref=sr_1_16?crid=32KL6R446VQOI&keywords=blush&qid=1668625833&sprefix=blush%2Caps%2C92&sr=8-16,"Wet N Wild Color Icon Ombre Blush, 316B The Princess Diaquiries",1 Count (Pack of 1),4.1 out of 5 stars,296,$4.99,"FREE delivery Tue, Nov 22 on $25 of items shipped by AmazonOr fastest delivery Fri, Nov 18||Climate Pledge Friendly|Climate Pledge Friendly|Climate Pledge Friendly|<img alt="""" src=""https://m.media-amazon.com/images/I/216-OX9rBaL._SS200_.png"" height=""50px"" width=""50px""/>  Climate Pledge Friendly|<img alt="""" src=""https://m.media-amazon.com/images/I/216-OX9rBaL._SS200_.png"" height=""50px"" width=""50px""/>  Climate Pledge Friendly|<img alt="""" src=""https://m.media-amazon.com/images/I/41Y2L-DZWfL._SS200_.png"" height=""50px"" width=""50px""/> Compact by Design (Certified by Amazon)",B01BHFLB72,https://m.media-amazon.com/images/I/61kqgHS2OwL._AC_UL320_.jpg|https://m.media-amazon.com/images/I/216-OX9rBaL._SS200_.png||
2292,https://www.amazon.com/sspa/click?ie=UTF8&spc=MTo1NzAyNjc2OTM2MDAyNDEwOjE2Njg2MjU4MzM6c3BfbXRmOjIwMDA3OTk1MzQwNDg5ODo6MDo6&url=%2FFOCALLURE-Highlighter-Water-resistant-Lightweight-LIGHT-MEDIUM%2Fdp%2FB0B31LP6XV%2Fref%3Dsr_1_17_sspa%3Fcrid%3D32KL6R446VQOI%26keywords%3Dblush%26qid%3D1668625833%26sprefix%3Dblush%252Caps%252C92%26sr%3D8-17-spons%26sp_csd%3Dd2lkZ2V0TmFtZT1zcF9tdGY%26psc%3D1,"FOCALLURE 3 Pcs Cream Contour Sticks,Shades with Highlighter & Bronzer & Blush,Non-greasy and Water-resistant Face Contouring Pen,Easy to Sculpt the Face and Create a Lightweight Finishing Makeup,LIGHT-MEDIUM",Sponsored,4.2 out of 5 stars,218,$17.99,FREE delivery on $25 shipped by Amazon.,B0B31LP6XV,https://m.media-amazon.com/images/I/713psrP+8oL._AC_UL320_.jpg
2293,https://www.amazon.com/sspa/click?ie=UTF8&spc=MTo1NzAyNjc2OTM2MDAyNDEwOjE2Njg2MjU4MzM6c3BfbXRmOjIwMDA4NjkyNjgxNDE5ODo6MDo6&url=%2FFOCALLURE-Highlighter-Cruelty-Free-Illuminator-Highlighters%2Fdp%2FB096S9F5GD%2Fref%3Dsr_1_18_sspa%3Fcrid%3D32KL6R446VQOI%26keywords%3Dblush%26qid%3D1668625833%26sprefix%3Dblush%252Caps%252C92%26sr%3D8-18-spons%26sp_csd%3Dd2lkZ2V0TmFtZT1zcF9tdGY%26psc%3D1,"FOCALLURE Blush and Highlighter Palette,3 in 1 Makeup Powder Palette,Cruelty-Free Matte Blush,Shimmer Illuminator Highlighters for a Glowing Look,#03",Sponsored,4.3 out of 5 stars,656,$9.99,"FREE delivery Tue, Nov 22 on $25 of items shipped by AmazonOr fastest delivery Fri, Nov 18|",B096S9F5GD,https://m.media-amazon.com/images/I/81ltciRIvdL._AC_UL320_.jpg
2294,https://www.amazon.com/sspa/click?ie=UTF8&spc=MTo1NzAyNjc2OTM2MDAyNDEwOjE2Njg2MjU4MzM6c3BfbXRmOjIwMDA5NTA3NDEwNjU5ODo6MDo6&url=%2FBrushes-Eyeshadow-Foundation-Beginners-YUESHENNAN%2Fdp%2FB0BD5KVZLP%2Fref%3Dsr_1_19_sspa%3Fcrid%3D32KL6R446VQOI%26keywords%3Dblush%26qid%3D1668625833%26sprefix%3Dblush%252Caps%252C92%26sr%3D8-19-spons%26sp_csd%3Dd2lkZ2V0TmFtZT1zcF9tdGY%26psc%3D1,"7Pcs Makeup Brushes, Premium Eyeshadow Brush, Foundation Brush, Make Up Brushes, Blush Brush, Eye Brush Tools for Beginners by YUESHENNAN(pink).",Sponsored,4.6 out of 5 stars,24,$5.19,"FREE delivery Fri, Nov 25 on $25 of items shipped by AmazonOr fastest delivery Sat, Nov 19|",B0BD5KVZLP,https://m.media-amazon.com/images/I/71XUOPB3uWL._AC_UL320_.jpg
2295,https://www.amazon.com/sspa/click?ie=UTF8&spc=MTo1NzAyNjc2OTM2MDAyNDEwOjE2Njg2MjU4MzM6c3BfbXRmOjIwMDEwMTk1MTc3MTA5ODo6MDo6&url=%2FFOCALLURE-Buildable-Wearing-Application-Lightweight%2Fdp%2FB0BD6Z1X24%2Fref%3Dsr_1_20_sspa%3Fcrid%3D32KL6R446VQOI%26keywords%3Dblush%26qid%3D1668625833%26sprefix%3Dblush%252Caps%252C92%26sr%3D8-20-spons%26sp_csd%3Dd2lkZ2V0TmFtZT1zcF9tdGY%26psc%3D1,"FOCALLURE Cream Blush Makeup,Buildable Blush Stick for Cheeks,Matte and Dewy Finish,Long Wearing,Easy Application,Lightweight Multi Stick,BABY PINK",Sponsored,4.5 out of 5 stars,55,$9.99,"FREE delivery Tue, Nov 22 on $25 of items shipped by AmazonOr fastest delivery Fri, Nov 18|",B0BD6Z1X24,https://m.media-amazon.com/images/I/71q1-w7h0bL._AC_UL320_.jpg
2296,https://www.amazon.com/wild-Blushlighter-Blush-Highlighter-Flash/dp/B082YQ6JDQ/ref=sr_1_21?crid=32KL6R446VQOI&keywords=blush&qid=1668625833&sprefix=blush%2Caps%2C92&sr=8-21,wet n wild MegaGlo Blushlighter| Blush & Highlighter Duo| Shimmer Metallic Finish| Flash Me,1 Count (Pack of 1),4.3 out of 5 stars,"7,681",$4.98,"FREE delivery Tue, Nov 22 on $25 of items shipped by AmazonOr fastest delivery Fri, Nov 18|",B082YQ6JDQ,https://m.media-amazon.com/images/I/91S+PTPa2eL._AC_UL320_.jpg
2297,https://www.amazon.com/TINTARK-Compact-Blusher-Palette-Natural/dp/B0B3WQ6HLC/ref=sr_1_22?crid=32KL6R446VQOI&keywords=blush&qid=1668625833&sprefix=blush%2Caps%2C92&sr=8-22,"TINTARK Cheeky Blush Compact for Face Cheeks, Talc Free Blusher Palette, Matte Powder Makeup, Natural Healthy, Mauve Pink Magenta Peach Red, Vegan Cruelty Free",($4.37/Ounce),4.5 out of 5 stars,49,$6.99,"FREE delivery Tue, Nov 22 on $25 of items shipped by AmazonOr fastest delivery Fri, Nov 18|",B0B3WQ6HLC,https://m.media-amazon.com/images/I/51uWyiqXLQL._AC_UL320_.jpg
2298,https://www.amazon.com/Seamlessly-Blendable-Natural-Buildable-Moisturizing/dp/B09NXM7XDX/ref=sr_1_23?crid=32KL6R446VQOI&keywords=blush&qid=1668625833&sprefix=blush%2Caps%2C92&sr=8-23,"Blush By Wet n Wild Color Icon Pink Blush Powder Makeup, Nudist Society, Matte Natural Glow, Moisturizing Jojoba Oil",0.21 Ounce (Pack of 1),4.2 out of 5 stars,513,$3.03,"FREE delivery Tue, Nov 22 on $25 of items shipped by AmazonOr fastest delivery Fri, Nov 18|",B09NXM7XDX,https://m.media-amazon.com/images/I/81qt0HXzl7L._AC_UL320_.jpg
2299,https://www.amazon.com/COVERGIRL-Classic-Color-Blush-packaging/dp/B0016N3T3K/ref=sr_1_24?crid=32KL6R446VQOI&keywords=blush&qid=1668625833&sprefix=blush%2Caps%2C92&sr=8-24,"COVERGIRL Classic Color Blush Soft Mink, Long Lasting Glowing Color, 0.27 fl oz ,Pink Blush, Blush Palette, Radiant Glow, Blends Easily, Blends with Natural Skin Tones",1 Count (Pack of 1),4.6 out of 5 stars,"5,781",$5.40,"FREE delivery Tue, Nov 22 on $25 of items shipped by AmazonOr fastest delivery Fri, Nov 18|",B0016N3T3K,https://m.media-amazon.com/images/I/71bMwidbHhL._AC_UL320_.jpg
2300,https://www.amazon.com/Palladio-Blushing-Cheek-Tint-Dainty/dp/B01LHXFLAW/ref=sr_1_25?crid=32KL6R446VQOI&keywords=blush&qid=1668625833&sprefix=blush%2Caps%2C92&sr=8-25,"Palladio I'm Blushing 2-in-1 Cheek and Lip Tint, Buildable Lightweight Cream Blush, Sheer Multi Stick Hydrating formula, All day wear, Easy Application, Shimmery, Blends Perfectly onto Skin, Dainty",0.2 Ounce (Pack of 1),4.2 out of 5 stars,"10,764",$9.99,"FREE delivery Tue, Nov 22 on $25 of items shipped by AmazonOr fastest delivery Fri, Nov 18||Small Business|Small Business|Small Business|<img alt="""" src=""https://m.media-amazon.com/images/I/111mHoVK0kL._SS200_.png"" height=""50px"" width=""50px""/>  Small Business|<img alt="""" src=""https://m.media-amazon.com/images/I/111mHoVK0kL._SS200_.png"" height=""50px"" width=""50px""/>  Small Business",B01LHXFLAW,https://m.media-amazon.com/images/I/51KQowRLzvS._AC_UL320_.jpg|https://m.media-amazon.com/images/I/111mHoVK0kL._SS200_.png|
2301,https://www.amazon.com/Physicians-Formula-Palette-Blushing-Natural/dp/B001QX2HBU/ref=sr_1_26?crid=32KL6R446VQOI&keywords=blush&qid=1668625833&sprefix=blush%2Caps%2C92&sr=8-26,Physicians Formula Powder Palette Multi-Colored Blush Blushing Natural,1 Count (Pack of 1),4.6 out of 5 stars,"6,780",$9.17,FREE delivery on $25 shipped by Amazon.,B001QX2HBU,https://m.media-amazon.com/images/I/91GV3ihqeLL._AC_UL320_.jpg
2302,https://www.amazon.com/Bobbi-Brown-Blush-Pretty-Packaging/dp/B008XWSENC/ref=sr_1_27?crid=32KL6R446VQOI&keywords=blush&qid=1668625833&sprefix=blush%2Caps%2C92&sr=8-27,"Bobbi Brown Blush, 41 Pretty Pink (New Packaging), 0.13 Ounce",0.13 Ounce (Pack of 1),4.6 out of 5 stars,266,$16.25,"FREE delivery Tue, Nov 22 on $25 of items shipped by AmazonOr fastest delivery Sat, Nov 19|",B008XWSENC,https://m.media-amazon.com/images/I/61kopa2jlLL._AC_UL320_.jpg
2303,https://www.amazon.com/MegaGlo-Conceal-Contour-Shimmer-Multistick/dp/B01N5MWNJH/ref=sr_1_28?crid=32KL6R446VQOI&keywords=blush&qid=1668625833&sprefix=blush%2Caps%2C92&sr=8-28,"Wet n Wild MegaGlo Blush Stick Conceal & Contour, Peach Bums| Shimmer | Blush Makeup Multistick | For Cheeks | Cream",1.1 Ounce (Pack of 1),4.4 out of 5 stars,"1,411",$3.99,"FREE delivery Tue, Nov 22 on $25 of items shipped by AmazonOr fastest delivery Fri, Nov 18|",B01N5MWNJH,https://m.media-amazon.com/images/I/71ABDW01k1L._AC_UL320_.jpg
2304,https://www.amazon.com/Revlon-Powder-Blush-Rosy-Rendezvous/dp/B01KI40CY6/ref=sr_1_29?crid=32KL6R446VQOI&keywords=blush&qid=1668625833&sprefix=blush%2Caps%2C92&sr=8-29,"Revlon Powder Blush, Rosy Rendezvous , 0.17 Ounce (Pack of 1)",0.17 Ounce (Pack of 1),4.5 out of 5 stars,"3,325",$8.11,FREE delivery on $25 shipped by Amazon.,B01KI40CY6,https://m.media-amazon.com/images/I/81rgo8500DL._AC_UL320_.jpg
2305,https://www.amazon.com/LOreal-Paris-Perfect-Camellia-Rosewood/dp/B07Z9WT4PM/ref=sr_1_30?crid=32KL6R446VQOI&keywords=blush&qid=1668625833&sprefix=blush%2Caps%2C92&sr=8-30,"L'Oreal Paris Age Perfect Radiant Satin Blush with Camellia Oil, Rosewood",0.31 Ounce (Pack of 1),4.3 out of 5 stars,"2,742",$9.38,"FREE delivery Tue, Nov 22 on $25 of items shipped by AmazonOr fastest delivery Fri, Nov 18|",B07Z9WT4PM,https://m.media-amazon.com/images/I/61UVHENGoJL._AC_UL320_.jpg
2306,https://www.amazon.com/Palette-Contour-Highlight-Shimmer-Cosmetics/dp/B093GRFZPJ/ref=sr_1_31?crid=32KL6R446VQOI&keywords=blush&qid=1668625833&sprefix=blush%2Caps%2C92&sr=8-31,"Makeup 8 Color Blush Palette, Contour and Highlight Blush Palette Matte Blush Powder Bright Shimmer Face Cosmetics Blusher Light Face Blush Palette with Blush Brush",1 Count (Pack of 1),4.3 out of 5 stars,254,$9.99,"FREE delivery Tue, Nov 22 on $25 of items shipped by AmazonOr fastest delivery Fri, Nov 18|",B093GRFZPJ,https://m.media-amazon.com/images/I/719nfIDGCUL._AC_UL320_.jpg
2307,https://www.amazon.com/Physicians-Formula-Matte-Butter-Mattes/dp/B09NXPV5Y9/ref=sr_1_32?crid=32KL6R446VQOI&keywords=blush&qid=1668625833&sprefix=blush%2Caps%2C92&sr=8-32,"Physicians Formula Matte Monoi Butter Blush Makeup Powder, Blush Mauvy Mattes",0.15 Ounce (Pack of 1),4.4 out of 5 stars,"2,228",$10.98,"FREE delivery Tue, Nov 22 on $25 of items shipped by AmazonOr fastest delivery Fri, Nov 18|",B09NXPV5Y9,https://m.media-amazon.com/images/I/91m5RnTpQSL._AC_UL320_.jpg
2308,https://www.amazon.com/sspa/click?ie=UTF8&spc=MTo1NzAyNjc2OTM2MDAyNDEwOjE2Njg2MjU4MzM6c3BfbXRmOjIwMDAxMjc5MjkzNjA3MTo6MDo6&url=%2FJolie-Creme-Creamy-Colour-Lullaby%2Fdp%2FB01FVGO1P2%2Fref%3Dsr_1_33_sspa%3Fcrid%3D32KL6R446VQOI%26keywords%3Dblush%26qid%3D1668625833%26sprefix%3Dblush%252Caps%252C92%26sr%3D8-33-spons%26sp_csd%3Dd2lkZ2V0TmFtZT1zcF9tdGY%26psc%3D1%26smid%3DA1NVQRBD7SJBN8,Jolie Creme Blush Creamy Cheek Colour (Lullaby),Sponsored,3.7 out of 5 stars,81,$19.99,"FREE delivery Tue, Nov 22 on $25 of items shipped by AmazonOr fastest delivery Fri, Nov 18||Small Business|Small Business|Small Business|<img alt="""" src=""https://m.media-amazon.com/images/I/111mHoVK0kL._SS200_.png"" height=""50px"" width=""50px""/>  Small Business|<img alt="""" src=""https://m.media-amazon.com/images/I/111mHoVK0kL._SS200_.png"" height=""50px"" width=""50px""/>  Small Business",B01FVGO1P2,https://m.media-amazon.com/images/I/61WViRSiQGL._AC_UL320_.jpg|https://m.media-amazon.com/images/I/111mHoVK0kL._SS200_.png|
2309,https://www.amazon.com/sspa/click?ie=UTF8&spc=MTo1NzAyNjc2OTM2MDAyNDEwOjE2Njg2MjU4MzM6c3BfbXRmOjIwMDA5OTc4MDY2MDgyMTo6MDo6&url=%2FHey-Dewy-Rechargeable-Skin-Nourishing-Humidifier%2Fdp%2FB09HMP27F2%2Fref%3Dsr_1_34_sspa%3Fcrid%3D32KL6R446VQOI%26keywords%3Dblush%26qid%3D1668625833%26sprefix%3Dblush%252Caps%252C92%26sr%3D8-34-spons%26sp_csd%3Dd2lkZ2V0TmFtZT1zcF9tdGY%26psc%3D1,"Hey Dewy Wireless, Rechargeable, Self-Care, Skin-Nourishing, Hydrating, Portable Cool Mist Humidifier (Blush)",Sponsored,3.8 out of 5 stars,291,$59.95,"FREE delivery Tue, Nov 22 Or fastest delivery Fri, Nov 18||Small Business|Small Business|Small Business|<img alt="""" src=""https://m.media-amazon.com/images/I/111mHoVK0kL._SS200_.png"" height=""50px"" width=""50px""/>  Small Business|<img alt="""" src=""https://m.media-amazon.com/images/I/111mHoVK0kL._SS200_.png"" height=""50px"" width=""50px""/>  Small Business",B09HMP27F2,https://m.media-amazon.com/images/I/41QqjKHimcL._AC_UL320_.jpg|https://m.media-amazon.com/images/I/111mHoVK0kL._SS200_.png|
2310,https://www.amazon.com/sspa/click?ie=UTF8&spc=MTo1NzAyNjc2OTM2MDAyNDEwOjE2Njg2MjU4MzM6c3BfbXRmOjIwMDA2NDQyNjU3MDI5ODo6MDo6&url=%2FPalladio-Blushing-Cheek-Tint-Dainty%2Fdp%2FB01LHXFLAW%2Fref%3Dsr_1_35_sspa%3Fcrid%3D32KL6R446VQOI%26keywords%3Dblush%26qid%3D1668625833%26sprefix%3Dblush%252Caps%252C92%26sr%3D8-35-spons%26sp_csd%3Dd2lkZ2V0TmFtZT1zcF9tdGY%26psc%3D1,"Palladio I'm Blushing 2-in-1 Cheek and Lip Tint, Buildable Lightweight Cream Blush, Sheer Multi Stick Hydrating formula, All day wear, Easy Application, Shimmery, Blends Perfectly onto Skin, Dainty",Sponsored,4.2 out of 5 stars,"10,764",$9.99,"FREE delivery Tue, Nov 22 on $25 of items shipped by AmazonOr fastest delivery Fri, Nov 18||Small Business|Small Business|Small Business|<img alt="""" src=""https://m.media-amazon.com/images/I/111mHoVK0kL._SS200_.png"" height=""50px"" width=""50px""/>  Small Business|<img alt="""" src=""https://m.media-amazon.com/images/I/111mHoVK0kL._SS200_.png"" height=""50px"" width=""50px""/>  Small Business",B01LHXFLAW,https://m.media-amazon.com/images/I/51KQowRLzvS._AC_UL320_.jpg|https://m.media-amazon.com/images/I/111mHoVK0kL._SS200_.png|
2311,https://www.amazon.com/sspa/click?ie=UTF8&spc=MTo1NzAyNjc2OTM2MDAyNDEwOjE2Njg2MjU4MzM6c3BfbXRmOjIwMDA5MzgzNDUzNjQ5ODo6MDo6&url=%2FPalladio-Five-Color-Hues-Shimmering-Pigmented-Flawless%2Fdp%2FB002NYLLYA%2Fref%3Dsr_1_36_sspa%3Fcrid%3D32KL6R446VQOI%26keywords%3Dblush%26qid%3D1668625833%26sprefix%3Dblush%252Caps%252C92%26sr%3D8-36-spons%26sp_csd%3Dd2lkZ2V0TmFtZT1zcF9tdGY%26psc%3D1,"Palladio 2-In-1 Mosaic Blush and Bronzer, Silky Smooth Face Makeup Pressed Powder, Five Color Hues from Shimmering Pinks to Golden Browns, Rich Pigmented Shades, Flawless Finish, Desert Rose, 0.3 Oz",Sponsored,4.2 out of 5 stars,546,$8.99,"FREE delivery Tue, Nov 22 on $25 of items shipped by AmazonOr fastest delivery Fri, Nov 18||Small Business|Small Business|Small Business|<img alt="""" src=""https://m.media-amazon.com/images/I/111mHoVK0kL._SS200_.png"" height=""50px"" width=""50px""/>  Small Business|<img alt="""" src=""https://m.media-amazon.com/images/I/111mHoVK0kL._SS200_.png"" height=""50px"" width=""50px""/>  Small Business",B002NYLLYA,https://m.media-amazon.com/images/I/71sH0MyFmkL._AC_UL320_.jpg|https://m.media-amazon.com/images/I/111mHoVK0kL._SS200_.png|
2312,https://www.amazon.com/wild-Color-Powder-Blush-Pinch/dp/B082YPNTZ4/ref=sr_1_37?crid=32KL6R446VQOI&keywords=blush&qid=1668625833&sprefix=blush%2Caps%2C92&sr=8-37,"Wet n Wild Color Icon Blush Powder Makeup, Pinch Me Pink | Matte Natural Glow | Moisturizing Jojoba Oil",1 Count (Pack of 1),4.3 out of 5 stars,"6,195",$3.18,"FREE delivery Wed, Nov 23 on $25 of items shipped by AmazonOr fastest delivery Sun, Nov 20|",B082YPNTZ4,https://m.media-amazon.com/images/I/81LILpus+PL._AC_UL320_.jpg
2313,https://www.amazon.com/Matte-Liquid-Cream-Makeup-Lightweight/dp/B096LSDVSR/ref=sr_1_38?crid=32KL6R446VQOI&keywords=blush&qid=1668625833&sprefix=blush%2Caps%2C92&sr=8-38,"Matte Liquid Cream Blush Makeup Lightweight - Velvet Mousse Texture, Breathable Feel, Sheer Flush Of Color, Natural-Looking, Blush Stick for Cheek, Advanced Hazy Feeling(#01#02#03)",3 Count (Pack of 1),4.1 out of 5 stars,"1,043",$8.98,"FREE delivery Tue, Nov 22 on $25 of items shipped by AmazonOr fastest delivery Fri, Nov 18|",B096LSDVSR,https://m.media-amazon.com/images/I/61IdgkGXaSL._AC_UL320_.jpg
2314,https://www.amazon.com/Physicians-Formula-Murumuru-Butter-Blush/dp/B085M5TNC9/ref=sr_1_39?crid=32KL6R446VQOI&keywords=blush&qid=1668625833&sprefix=blush%2Caps%2C92&sr=8-39,"Blush By Physicians Formula Murumuru Butter Blush Makeup Powder, Saucy Mauve",0.26 Ounce (Pack of 1),4.5 out of 5 stars,"1,166",$9.58,"FREE delivery Tue, Nov 22 on $25 of items shipped by AmazonOr fastest delivery Fri, Nov 18|",B085M5TNC9,https://m.media-amazon.com/images/I/91XqL-wHBpL._AC_UL320_.jpg
2315,https://www.amazon.com/COVERGIRL-Trueblend-Flushed-Pigment-Bronzer/dp/B088P51BYY/ref=sr_1_40?crid=32KL6R446VQOI&keywords=blush&qid=1668625833&sprefix=blush%2Caps%2C92&sr=8-40,"COVERGIRL COVERGIRL Trueblend so Flushed High Pigment Blush & Bronzer, Love Me, Love Me, 0.33 Ounce",0.33 Fl Oz (Pack of 1),4.3 out of 5 stars,"2,375",$7.94,"FREE delivery Tue, Nov 22 on $25 of items shipped by AmazonOr fastest delivery Fri, Nov 18|",B088P51BYY,https://m.media-amazon.com/images/I/81HJhzitJUL._AC_UL320_.jpg
2316,https://www.amazon.com/Milani-Cheek-Liquid-Blush-Makeup/dp/B089NGY776/ref=sr_1_41?crid=32KL6R446VQOI&keywords=blush&qid=1668625833&sprefix=blush%2Caps%2C92&sr=8-41,"Milani Cheek Kiss Liquid Blush Makeup - Blendable & Buildable Cheek Blush, Lightweight Liquid Blusher and Cheek Color",1 Count (Pack of 1),4.3 out of 5 stars,"1,067",$7.97,"FREE delivery Tue, Nov 22 on $25 of items shipped by AmazonOr fastest delivery Fri, Nov 18||Small Business|Small Business|Small Business|<img alt="""" src=""https://m.media-amazon.com/images/I/111mHoVK0kL._SS200_.png"" height=""50px"" width=""50px""/>  Small Business|<img alt="""" src=""https://m.media-amazon.com/images/I/111mHoVK0kL._SS200_.png"" height=""50px"" width=""50px""/>  Small Business",B089NGY776,https://m.media-amazon.com/images/I/71fAMjRnSML._AC_UL320_.jpg|https://m.media-amazon.com/images/I/111mHoVK0kL._SS200_.png|
2317,https://www.amazon.com/NYX-Professional-Makeup-Powder-0-14-Ounce/dp/B002QI4S9S/ref=sr_1_42?crid=32KL6R446VQOI&keywords=blush&qid=1668625833&sprefix=blush%2Caps%2C92&sr=8-42,"NYX Professional Makeup Powder Blush, Mocha, 0.14-Ounce",0.14 Ounce (Pack of 1),4.3 out of 5 stars,"4,603",$5.99,"FREE delivery Tue, Nov 22 on $25 of items shipped by AmazonOr fastest delivery Fri, Nov 18|",B002QI4S9S,https://m.media-amazon.com/images/I/51Yc2c80d0L._AC_UL320_.jpg
2318,https://www.amazon.com/Ucanbe-Waterproof-Colors-Blusher-Palette/dp/B00WG6WLUI/ref=sr_1_43?crid=32KL6R446VQOI&keywords=blush&qid=1668625833&sprefix=blush%2Caps%2C92&sr=8-43,Ucanbe Waterproof 5 Colors Blusher Palette with Blush Brush,1.41 Ounce (Pack of 1),4.2 out of 5 stars,"2,092",$13.99,"FREE delivery Tue, Nov 22 on $25 of items shipped by AmazonOr fastest delivery Fri, Nov 18||Climate Pledge Friendly|Climate Pledge Friendly|Climate Pledge Friendly|<img alt="""" src=""https://m.media-amazon.com/images/I/216-OX9rBaL._SS200_.png"" height=""50px"" width=""50px""/>  Climate Pledge Friendly|<img alt="""" src=""https://m.media-amazon.com/images/I/216-OX9rBaL._SS200_.png"" height=""50px"" width=""50px""/>  Climate Pledge Friendly|<img alt="""" src=""https://m.media-amazon.com/images/I/41Y2L-DZWfL._SS200_.png"" height=""50px"" width=""50px""/> Compact by Design (Certified by Amazon)",B00WG6WLUI,https://m.media-amazon.com/images/I/51FmE39GRuL._AC_UL320_.jpg|https://m.media-amazon.com/images/I/216-OX9rBaL._SS200_.png||
2319,https://www.amazon.com/Physicians-Formula-Murumuru-Butter-Natural/dp/B01N9LBVPF/ref=sr_1_44?crid=32KL6R446VQOI&keywords=blush&qid=1668625833&sprefix=blush%2Caps%2C92&sr=8-44,"Blush By Physicians Formula Murumuru Butter Blush Makeup Powder, Natural Glow",0.26 Ounce (Pack of 1),3.9 out of 5 stars,"1,801",$10.30,"FREE delivery Tue, Nov 22 on $25 of items shipped by AmazonOr fastest delivery Fri, Nov 18|",B01N9LBVPF,https://m.media-amazon.com/images/I/91YKjshVutL._AC_UL320_.jpg
2320,https://www.amazon.com/Makeup-Mineral-Liquid-Fibers-Ergonomic/dp/B01EO2KP2M/ref=sr_1_45?crid=32KL6R446VQOI&keywords=blush&qid=1668625833&sprefix=blush%2Caps%2C92&sr=8-45,wet n wild Makeup Brush| Blush Brush| For Mineral & Liquid Makeup| Plush Fibers| Ergonomic Handle,1 Count (Pack of 1),4.5 out of 5 stars,"18,070",$3.49,FREE delivery on $25 shipped by Amazon.,B01EO2KP2M,https://m.media-amazon.com/images/I/51LPqq-7+cL._AC_UL320_.jpg
2321,https://www.amazon.com/wild-Color-Powder-Blush-Pearlescent/dp/B082YPZMT6/ref=sr_1_46?crid=32KL6R446VQOI&keywords=blush&qid=1668625833&sprefix=blush%2Caps%2C92&sr=8-46,"Wet n Wild Color Icon Blush Powder Makeup, Pearlescent Pink | Matte Natural Glow | Moisturizing Jojoba Oil",1 Count (Pack of 1),4.3 out of 5 stars,"2,156",$3.18,"FREE delivery Tue, Nov 22 on $25 of items shipped by AmazonOr fastest delivery Fri, Nov 18|",B082YPZMT6,https://m.media-amazon.com/images/I/81EACUwSbFL._AC_UL320_.jpg
2322,https://www.amazon.com/l-f-Cosmetics-Palette-Beautiful-Long-Lasting/dp/B00J56D0G6/ref=sr_1_47?crid=32KL6R446VQOI&keywords=blush&qid=1668625833&sprefix=blush%2Caps%2C92&sr=8-47,"e.l.f. Cosmetics Powder Blush Palette, Four Blush Shades for Beautiful, Long-Lasting Pigment, Light",1 Count (Pack of 1),4.4 out of 5 stars,"2,999",$8.00,FREE delivery on $25 shipped by Amazon.,B00J56D0G6,https://m.media-amazon.com/images/I/81xqm3K0eqL._AC_UL320_.jpg
2323,https://www.amazon.com/Cannabis-Complexion-Enhancer-Cinnamon-1115236/dp/B0B9RD8D81/ref=sr_1_48?crid=32KL6R446VQOI&keywords=blush&qid=1668625833&sprefix=blush%2Caps%2C92&sr=8-48,"Wet n Wild Mood Cannabis Sativa Seed Oil Infused Makeup, Blush Complexion Enhancer Zero F's, Natural Cinnamon Infused (1115236)",$5.69 with Subscribe & Save discountSave 5% on 4 select item(s),4.8 out of 5 stars,29,$5.99,"FREE delivery Tue, Nov 22 on $25 of items shipped by AmazonOr fastest delivery Fri, Nov 18|",B0B9RD8D81,https://m.media-amazon.com/images/I/81bs03zB0oL._AC_UL320_.jpg
2324,https://www.amazon.com/Cushion-Natural-Blusher-Shimmer-Pigmented/dp/B0B5KVRCMM/ref=sr_1_49?crid=32KL6R446VQOI&keywords=blush&qid=1668625833&sprefix=blush%2Caps%2C92&sr=8-49,"Loose Powder Blush Air Cushion Blush Natural Blusher Bright Shimmer Face Blush for Cheek Highly Pigmented Blush Makeup Easy to Blend Makeup Blushin, All Day Wear(01#)",1 Count (Pack of 1),5.0 out of 5 stars,6,$8.99,"FREE delivery Tue, Nov 22 on $25 of items shipped by AmazonOr fastest delivery Fri, Nov 18|",B0B5KVRCMM,https://m.media-amazon.com/images/I/51q1gtDA1GL._AC_UL320_.jpg
2325,https://www.amazon.com/YOUNG-VISION-Multi-Use-Lightweight-8054-02/dp/B0B62JG4VT/ref=sr_1_50?crid=32KL6R446VQOI&keywords=blush&qid=1668625833&sprefix=blush%2Caps%2C92&sr=8-50,"YOUNG VISION Blush Stick, Putty/Cream Makeup Blush, Multi-Use Lip And Cheek Tint, Lightweight, Matte Finish, Easy to Blend, 8054-02",0.24 Ounce (Pack of 1),4.0 out of 5 stars,407,$5.99,"FREE delivery Tue, Nov 22 on $25 of items shipped by AmazonOr fastest delivery Fri, Nov 18|",B0B62JG4VT,https://m.media-amazon.com/images/I/61+KcpPSl9L._AC_UL320_.jpg
2326,https://www.amazon.com/Honest-Beauty-Creme-Cheek-Blush/dp/B07F45ZXNX/ref=sr_1_51?crid=32KL6R446VQOI&keywords=blush&qid=1668625833&rdc=1&sprefix=blush%2Caps%2C92&sr=8-51,Honest Creme Cheek Blush Plus Lip Color - Rose Pink Women Blush 0.1 oz,0.1 Ounce (Pack of 1),4.4 out of 5 stars,"6,002",$12.99,"FREE delivery Tue, Nov 22 on $25 of items shipped by AmazonOr fastest delivery Fri, Nov 18||Climate Pledge Friendly|Climate Pledge Friendly|Climate Pledge Friendly|<img alt="""" src=""https://m.media-amazon.com/images/I/216-OX9rBaL._SS200_.png"" height=""50px"" width=""50px""/>  Climate Pledge Friendly|<img alt="""" src=""https://m.media-amazon.com/images/I/216-OX9rBaL._SS200_.png"" height=""50px"" width=""50px""/>  Climate Pledge Friendly|<img alt="""" src=""https://m.media-amazon.com/images/I/31OPjlesFNL._SS200_.png"" height=""50px"" width=""50px""/> EWG Verified",B07F45ZXNX,https://m.media-amazon.com/images/I/51Tr1bpPDJL._AC_UL320_.jpg|https://m.media-amazon.com/images/I/216-OX9rBaL._SS200_.png||
2327,https://www.amazon.com/Kokie-Cosmetics-Gradient-Blush-Star-Crossed/dp/B09T2257PH/ref=sr_1_52?crid=32KL6R446VQOI&keywords=blush&qid=1668625833&sprefix=blush%2Caps%2C92&sr=8-52,Kokie Cosmetics Soft Gradient Blush (Star-Crossed BL04),1 Count (Pack of 1),4.4 out of 5 stars,347,$9.99,"FREE delivery Tue, Nov 22 on $25 of items shipped by AmazonOr fastest delivery Fri, Nov 18|",B09T2257PH,https://m.media-amazon.com/images/I/81qMbb0nvoL._AC_UL320_.jpg
2328,https://www.amazon.com/NARS-Blush-Orgasm-0-16-oz/dp/B000PVPEFU/ref=sr_1_53_mod_primary_new?crid=32KL6R446VQOI&keywords=blush&qid=1668625833&sbo=RZvfv%2F%2FHxDF%2BO5021pAnSA%3D%3D&sprefix=blush%2Caps%2C92&sr=8-53,"NARS Blush, Orgasm 0.16 oz. (I0006251)",1 Count (Pack of 1),4.7 out of 5 stars,"3,094|Another way to buy|$27.72$27.72 $44.00$44.00|$27.72$27.72 $44.00$44.00|FREE delivery",$25.20,FREE delivery Nov 28 - 29 Or fastest delivery Nov 22 - 28|FREE delivery,B000PVPEFU,https://m.media-amazon.com/images/I/51xBSPghPgL._AC_UL320_.jpg
2329,https://www.amazon.com/Burts-Bees-Natural-Blush-Vitamin/dp/B073X2KX9Z/ref=sr_1_54?crid=32KL6R446VQOI&keywords=blush&qid=1668625833&sprefix=blush%2Caps%2C92&sr=8-54,"Burt's Bees 100% Natural Origin Blush with Vitamin E, Shy Pink - 0.19 Ounce",0.19 Ounce (Pack of 1),4.6 out of 5 stars,"1,910",$8.99,"FREE delivery Tue, Nov 22 on $25 of items shipped by AmazonOr fastest delivery Sat, Nov 19|",B073X2KX9Z,https://m.media-amazon.com/images/I/71rVoqCfVzL._AC_UL320_.jpg
2330,https://www.amazon.com/UCANBE-Colors-Palette-Shading-Blusher/dp/B09J51W17H/ref=sr_1_55?crid=32KL6R446VQOI&keywords=blush&qid=1668625833&sprefix=blush%2Caps%2C92&sr=8-55,UCANBE 8 Colors Face Matte Blush Palette Shading Blusher with Brush - Buildable Facial Cheek Blusher Contour Bronzing Pressed Powder Makeup Pallet Women Gift Set (01 Matte),2 Piece Set,4.4 out of 5 stars,227,$12.99,"FREE delivery Tue, Nov 22 on $25 of items shipped by AmazonOr fastest delivery Fri, Nov 18|",B09J51W17H,https://m.media-amazon.com/images/I/61lVofkUaNL._AC_UL320_.jpg
2331,https://www.amazon.com/Maybelline-New-York-lightweight-Natural-Looking/dp/B07WC46H1L/ref=sr_1_56?crid=32KL6R446VQOI&keywords=blush&qid=1668625833&sprefix=blush%2Caps%2C92&sr=8-56,"Maybelline Cheek Heat Gel-Cream Blush Makeup, lightweight, Breathable Feel, Sheer Flush Of Color, Natural-Looking, Dewy Finish, Oil-Free, Rose Flush, 1 Count",0.27 Fl Oz (Pack of 1),4.0 out of 5 stars,"12,945",$5.98,FREE delivery on $25 shipped by Amazon.,B07WC46H1L,https://m.media-amazon.com/images/I/616-VEcQAUS._AC_UL320_.jpg
2332,https://www.amazon.com/Rare-Beauty-Pinch-Liquid-0-25oz/dp/B09T418D54/ref=sr_1_57?crid=32KL6R446VQOI&keywords=blush&qid=1668625833&sprefix=blush%2Caps%2C92&sr=8-57,Rare Beauty Soft Pinch Dewy Liquid Blush 0.25oz Hope New,0.25 Ounce (Pack of 1),4.5 out of 5 stars,253,$29.75,FREE delivery,B09T418D54,https://m.media-amazon.com/images/I/41hHBGbQTuL._AC_UL320_.jpg
2333,https://www.amazon.com/COVERGIRL-Cheekers-Blendable-Cappuccino-packaging/dp/B000PRZTRW/ref=sr_1_58?crid=32KL6R446VQOI&keywords=blush&qid=1668625833&sprefix=blush%2Caps%2C92&sr=8-58,"COVERGIRL Cheekers Blendable Powder Blush Iced Cappuccino, .12 oz (packaging may vary), 1 Count",0.12 Ounce (Pack of 1),4.8 out of 5 stars,"1,251",$3.89,"FREE delivery Tue, Nov 22 on $25 of items shipped by AmazonOr fastest delivery Fri, Nov 18|",B000PRZTRW,https://m.media-amazon.com/images/I/91mMFAc8DKL._AC_UL320_.jpg
2334,https://www.amazon.com/Youthforia-BYO-Blush-Green-Changing/dp/B09CLT4GB6/ref=sr_1_59?crid=32KL6R446VQOI&keywords=blush&qid=1668625833&sprefix=blush%2Caps%2C92&sr=8-59,"Youthforia BYO Blush - Green Color Changing Liquid Blush Oil, 6.5 ML Gel Blush Contour Liquid Korean Blush, Liquid Blush for Cheeks",0.21 Fl Oz (Pack of 1),4.3 out of 5 stars,475,$35.99,"FREE delivery Tue, Nov 22 Or fastest delivery Fri, Nov 18||Small Business|Small Business|Small Business|<img alt="""" src=""https://m.media-amazon.com/images/I/111mHoVK0kL._SS200_.png"" height=""50px"" width=""50px""/>  Small Business|<img alt="""" src=""https://m.media-amazon.com/images/I/111mHoVK0kL._SS200_.png"" height=""50px"" width=""50px""/>  Small Business",B09CLT4GB6,https://m.media-amazon.com/images/I/61zQXhlHvqL._AC_UL320_.jpg|https://m.media-amazon.com/images/I/111mHoVK0kL._SS200_.png|
2335,https://www.amazon.com/sspa/click?ie=UTF8&spc=MTo1NzAyNjc2OTM2MDAyNDEwOjE2Njg2MjU4MzM6c3BfYnRmOjIwMDA5NDQzODQ3MjI5ODo6MDo6&url=%2FKIMUSE-Makeup-Weightless-Long-Wearing-Natural-Looking%2Fdp%2FB09ZT1ZJSW%2Fref%3Dsr_1_60_sspa%3Fcrid%3D32KL6R446VQOI%26keywords%3Dblush%26qid%3D1668625833%26sprefix%3Dblush%252Caps%252C92%26sr%3D8-60-spons%26sp_csd%3Dd2lkZ2V0TmFtZT1zcF9idGY%26psc%3D1,"KIMUSE Soft Cream Blush Makeup, Liquid Blush for Cheeks, Weightless, Long-Wearing, Smudge Proof, Natural-Looking, Dewy Finish, Skin Tint Blush Makeup",Sponsored,3.8 out of 5 stars,316,$12.99,"FREE delivery Tue, Nov 22 on $25 of items shipped by AmazonOr fastest delivery Sun, Nov 20|",B09ZT1ZJSW,https://m.media-amazon.com/images/I/51M-K+zOaAL._AC_UL320_.jpg
2336,https://aax-us-iad.amazon.com/x/c/RDYD-jXT0YjdF3jssDaHwGIAAAGEgdmc1gEAAAH2AQBOL0EgICAgICAgICAgICBOL0EgICAgICAgICAgICDndbJT/https://www.amazon.com/dp/B09XGXLQWD?pd_rd_i=B09XGXLQWD&pf_rd_p=55defc4a-7c1e-47a7-8d1d-5cc458cca688&pf_rd_r=29FFZ292MYSZ783H8VPC&pd_rd_wg=ACffk&pd_rd_w=NUL0Z&pd_rd_r=17f0df7e-110e-4b9f-b3cf-3be13641751f,"NYX PROFESSIONAL MAKEUP Wonder Stick Blush with Hydrating Hyaluronic Acid, Dual-Ended Cream Blush Stick - Coral & Deep Peach",Sponsored,4.2 out of 5 stars,123,$13.45,"FREE delivery Tue, Nov 22 on $25 of items shipped by AmazonOr fastest delivery Fri, Nov 18|",,
2344,https://www.amazon.com/sspa/click?ie=UTF8&spc=MToxMzIxMzEzNTkwOTM5MDg5OjE2Njg2MjU4NzE6c3BfYXRmOjIwMDA3NzM1NDI4NTM5ODo6MDo6&url=%2FMiniature-Brushes-Detail-Ergonomic-Handle%2Fdp%2FB08TQM6238%2Fref%3Dsr_1_1_sspa%3Fcrid%3D35T5VYB6CZ4CM%26keywords%3Dnail%2Bpaint%26qid%3D1668625871%26sprefix%3Dnailpaint%252Caps%252C90%26sr%3D8-1-spons%26sp_csd%3Dd2lkZ2V0TmFtZT1zcF9hdGY%26psc%3D1,"10Pcs Miniature Paint Brushes, Detail Fine Tip Paint Brushes Set with Ergonomic Handle - Suitable for Acrylic Painting, Oil, Watercoloring, Face, Nail, Scale Model Painting, Line Drawing",Sponsored,4.6 out of 5 stars,723,$9.97,"FREE delivery Tue, Nov 22 on $25 of items shipped by AmazonOr fastest delivery Fri, Nov 18|",B08TQM6238,https://m.media-amazon.com/images/I/71S9tKZO3zL._AC_UL320_.jpg
2345,https://www.amazon.com/sspa/click?ie=UTF8&spc=MToxMzIxMzEzNTkwOTM5MDg5OjE2Njg2MjU4NzE6c3BfYXRmOjIwMDEwMzMyMDA3NTM5ODo6MDo6&url=%2FWatercolor-Acrylic-Brushes-Professional-Painting%2Fdp%2FB0BJVSZPP8%2Fref%3Dsr_1_2_sspa%3Fcrid%3D35T5VYB6CZ4CM%26keywords%3Dnail%2Bpaint%26qid%3D1668625871%26sprefix%3Dnailpaint%252Caps%252C90%26sr%3D8-2-spons%26sp_csd%3Dd2lkZ2V0TmFtZT1zcF9hdGY%26psc%3D1,"20 Pcs Paint Brush Set, Oil Watercolor Acrylic Paint Brush, Acrylic Paint Brushes Set, Professional Paint Brushes Artist for Watercolor Oil Acrylic Painting, Face Nail Art (Package)",Sponsored,,,$11.99,$4.99 delivery Dec 8 - 29,B0BJVSZPP8,https://m.media-amazon.com/images/I/71SmAgOYxcL._AC_UL320_.jpg
2346,https://www.amazon.com/Sally-Hansen-Nails-Color-Black/dp/B005CHEJIA/ref=sr_1_3?crid=35T5VYB6CZ4CM&keywords=nail+paint&qid=1668625871&sprefix=nailpaint%2Caps%2C90&sr=8-3,"Sally Hansen Hard as Nails Color, Black Heart, 0.45 Fluid Ounce",0.45 Fl Oz (Pack of 1),4.4 out of 5 stars,"11,762",$1.97,"FREE delivery Tue, Nov 22 on $25 of items shipped by AmazonOr fastest delivery Fri, Nov 18|",B005CHEJIA,https://m.media-amazon.com/images/I/61QXT-2c9dL._AC_UL320_.jpg
2347,https://www.amazon.com/Anself-Colors-Nail-Polish-Pigment/dp/B00QF9CHDI/ref=sr_1_4?crid=35T5VYB6CZ4CM&keywords=nail+paint&qid=1668625871&sprefix=nailpaint%2Caps%2C90&sr=8-4,"Anself 36 Colors Nail Art Polish, Gel Paint Nail Kit, Gel Paint for Nails Art with 1 Nail Brush for Nails DIY Nail Art Design",37 Piece Set,3.8 out of 5 stars,"12,407",$17.59,"FREE delivery Tue, Nov 22 on $25 of items shipped by AmazonOr fastest delivery Fri, Nov 18|",B00QF9CHDI,https://m.media-amazon.com/images/I/61L35ABBrXL._AC_UL320_.jpg
2348,https://www.amazon.com/Modelones-Upgraded-Manicure-Palette-Popular/dp/B09K38CX1B/ref=sr_1_5?crid=35T5VYB6CZ4CM&keywords=nail+paint&qid=1668625871&sprefix=nailpaint%2Caps%2C90&sr=8-5,"Modelones 2022 Upgraded Crème Gel Nail Polish Set Manicure Palette, 9 Colors Popular Neutral Nude Solid Gel Polish White Pink Pudding Gel Soak Off LED Nail Art Kit Salon DIY Home, with Pro Nail Brush",2 Piece Set,4.3 out of 5 stars,"5,347",$13.99,"FREE delivery Tue, Nov 22 on $25 of items shipped by AmazonOr fastest delivery Fri, Nov 18|",B09K38CX1B,https://m.media-amazon.com/images/I/71k9m39+aRL._AC_UL320_.jpg
2349,https://www.amazon.com/sspa/click?ie=UTF8&spc=MTozNDAyMjgwNTI4NDE5NzI0OjE2Njg2MjU4NzE6c3Bfc2VhcmNoX3RoZW1hdGljOjIwMDAxMDA5NjkyMjgxMTo6MDo6&url=%2FILNP-Fame-Silver-Holographic-Polish%2Fdp%2FB016NCLHAK%2Fref%3Dsxin_16_pa_sp_search_thematic_sspa%3Fcontent-id%3Damzn1.sym.4e7a2229-074e-44de-95c4-9fd858f46295%253Aamzn1.sym.4e7a2229-074e-44de-95c4-9fd858f46295%26crid%3D35T5VYB6CZ4CM%26cv_ct_cx%3Dnail%2Bpaint%26keywords%3Dnail%2Bpaint%26pd_rd_i%3DB016NCLHAK%26pd_rd_r%3D34b6ff28-90d4-4e6d-b3ff-781d5a16f423%26pd_rd_w%3DvezGl%26pd_rd_wg%3DocmuG%26pf_rd_p%3D4e7a2229-074e-44de-95c4-9fd858f46295%26pf_rd_r%3D0DADZBM2H7C23A559DMM%26qid%3D1668625871%26sprefix%3Dnailpaint%252Caps%252C90%26sr%3D1-1-a73d1c8c-2fd2-4f19-aa41-2df022bcb241-spons%26sp_csd%3Dd2lkZ2V0TmFtZT1zcF9zZWFyY2hfdGhlbWF0aWM%26psc%3D1,"ILNP Fame - Silver, Gold, Holographic Nail Polish",0.4 Fl Oz (Pack of 1),4.6 out of 5 stars|4.4 out of 5 stars|4.5 out of 5 stars|4.5 out of 5 stars|4.7 out of 5 stars,"81,915|442|2,577|418|4,251",$10.00,"Small Business|Small Business|Small Business|<img alt="""" src=""https://m.media-amazon.com/images/I/111mHoVK0kL._SS200_.png"" height=""50px"" width=""50px""/>  Small Business|<img alt="""" src=""https://m.media-amazon.com/images/I/111mHoVK0kL._SS200_.png"" height=""50px"" width=""50px""/>  Small Business",,https://m.media-amazon.com/images/I/71--Z8auUtL._AC_UL320_.jpg|https://m.media-amazon.com/images/I/111mHoVK0kL._SS200_.png||https://m.media-amazon.com/images/I/51YrifreWTL._AC_UL320_.jpg|https://m.media-amazon.com/images/I/71-dVVzmaiL._AC_UL320_.jpg|https://m.media-amazon.com/images/I/51iYq9Bn5KL._AC_UL320_.jpg|https://m.media-amazon.com/images/I/71GwcZRQv8L._AC_UL320_.jpg
2350,https://www.amazon.com/sspa/click?ie=UTF8&spc=MTozNDAyMjgwNTI4NDE5NzI0OjE2Njg2MjU4NzE6c3Bfc2VhcmNoX3RoZW1hdGljOjIwMDAxMDA5NjkyMjgxMTo6MDo6&url=%2FILNP-Fame-Silver-Holographic-Polish%2Fdp%2FB016NCLHAK%2Fref%3Dsxin_16_pa_sp_search_thematic_sspa%3Fcontent-id%3Damzn1.sym.4e7a2229-074e-44de-95c4-9fd858f46295%253Aamzn1.sym.4e7a2229-074e-44de-95c4-9fd858f46295%26crid%3D35T5VYB6CZ4CM%26cv_ct_cx%3Dnail%2Bpaint%26keywords%3Dnail%2Bpaint%26pd_rd_i%3DB016NCLHAK%26pd_rd_r%3D34b6ff28-90d4-4e6d-b3ff-781d5a16f423%26pd_rd_w%3DvezGl%26pd_rd_wg%3DocmuG%26pf_rd_p%3D4e7a2229-074e-44de-95c4-9fd858f46295%26pf_rd_r%3D0DADZBM2H7C23A559DMM%26qid%3D1668625871%26sprefix%3Dnailpaint%252Caps%252C90%26sr%3D1-1-a73d1c8c-2fd2-4f19-aa41-2df022bcb241-spons%26sp_csd%3Dd2lkZ2V0TmFtZT1zcF9zZWFyY2hfdGhlbWF0aWM%26psc%3D1,"ILNP Fame - Silver, Gold, Holographic Nail Polish",0.4 Fl Oz (Pack of 1),4.6 out of 5 stars,"81,915",$10.00,"Small Business|Small Business|Small Business|<img alt="""" src=""https://m.media-amazon.com/images/I/111mHoVK0kL._SS200_.png"" height=""50px"" width=""50px""/>  Small Business|<img alt="""" src=""https://m.media-amazon.com/images/I/111mHoVK0kL._SS200_.png"" height=""50px"" width=""50px""/>  Small Business",B016NCLHAK,https://m.media-amazon.com/images/I/71--Z8auUtL._AC_UL320_.jpg|https://m.media-amazon.com/images/I/111mHoVK0kL._SS200_.png|
2351,https://www.amazon.com/sspa/click?ie=UTF8&spc=MTozNDAyMjgwNTI4NDE5NzI0OjE2Njg2MjU4NzE6c3Bfc2VhcmNoX3RoZW1hdGljOjIwMDAzNTg2Mjc0OTQxMTo6MTo6&url=%2FKarma-Organic-Polish-Non-Toxic-Cruelty-Free-Southampton%2Fdp%2FB01B3CDH3U%2Fref%3Dsxin_16_pa_sp_search_thematic_sspa%3Fcontent-id%3Damzn1.sym.4e7a2229-074e-44de-95c4-9fd858f46295%253Aamzn1.sym.4e7a2229-074e-44de-95c4-9fd858f46295%26crid%3D35T5VYB6CZ4CM%26cv_ct_cx%3Dnail%2Bpaint%26keywords%3Dnail%2Bpaint%26pd_rd_i%3DB01B3CDH3U%26pd_rd_r%3D34b6ff28-90d4-4e6d-b3ff-781d5a16f423%26pd_rd_w%3DvezGl%26pd_rd_wg%3DocmuG%26pf_rd_p%3D4e7a2229-074e-44de-95c4-9fd858f46295%26pf_rd_r%3D0DADZBM2H7C23A559DMM%26qid%3D1668625871%26sprefix%3Dnailpaint%252Caps%252C90%26sr%3D1-2-a73d1c8c-2fd2-4f19-aa41-2df022bcb241-spons%26sp_csd%3Dd2lkZ2V0TmFtZT1zcF9zZWFyY2hfdGhlbWF0aWM%26psc%3D1%26smid%3DA1VF7ZJU7WEIVM,"Karma Organic Nail Polish - Quick Dry Nail Lacquer, Non-Toxic, Vegan, and Cruelty-Free Nail Paint Art for Adults & Kids - No Toluene, No Formaldehyde, No DBP, and Free of TPHP (NUDE Totes Southampton, 0.43 fl oz.)",1 Count (Pack of 1),4.4 out of 5 stars,442,$10.49,,B01B3CDH3U,https://m.media-amazon.com/images/I/51YrifreWTL._AC_UL320_.jpg
2352,https://www.amazon.com/sspa/click?ie=UTF8&spc=MTozNDAyMjgwNTI4NDE5NzI0OjE2Njg2MjU4NzE6c3Bfc2VhcmNoX3RoZW1hdGljOjIwMDA4ODI2ODQyMDA5ODo6Mjo6&url=%2FMakartt-Gel-Nail-Polish-Kit%2Fdp%2FB07TY1L3LK%2Fref%3Dsxin_16_pa_sp_search_thematic_sspa%3Fcontent-id%3Damzn1.sym.4e7a2229-074e-44de-95c4-9fd858f46295%253Aamzn1.sym.4e7a2229-074e-44de-95c4-9fd858f46295%26crid%3D35T5VYB6CZ4CM%26cv_ct_cx%3Dnail%2Bpaint%26keywords%3Dnail%2Bpaint%26pd_rd_i%3DB07TY1L3LK%26pd_rd_r%3D34b6ff28-90d4-4e6d-b3ff-781d5a16f423%26pd_rd_w%3DvezGl%26pd_rd_wg%3DocmuG%26pf_rd_p%3D4e7a2229-074e-44de-95c4-9fd858f46295%26pf_rd_r%3D0DADZBM2H7C23A559DMM%26qid%3D1668625871%26sprefix%3Dnailpaint%252Caps%252C90%26sr%3D1-3-a73d1c8c-2fd2-4f19-aa41-2df022bcb241-spons%26sp_csd%3Dd2lkZ2V0TmFtZT1zcF9zZWFyY2hfdGhlbWF0aWM%26psc%3D1,Makartt Gel Nail Polish Kit- 22 Colors Gel Nail Polish Set Red Blue Fall Color Brown Purple Gray Soak off LED Nail Gel Polish with Base Coat Top Coat Nail Polish Gel Manicure Salon DIY Home Mother's Day Gift,0.27 Fl Oz (Pack of 1),4.5 out of 5 stars,"2,577",$38.99,,B07TY1L3LK,https://m.media-amazon.com/images/I/71-dVVzmaiL._AC_UL320_.jpg
2353,https://www.amazon.com/sspa/click?ie=UTF8&spc=MTozNDAyMjgwNTI4NDE5NzI0OjE2Njg2MjU4NzE6c3Bfc2VhcmNoX3RoZW1hdGljOjIwMDAzNTg2Mjc0ODExMTo6Mzo6&url=%2FKarma-Organic-Natural-Polish-Non-Toxic-Cruelty-Free%2Fdp%2FB01FWENIKM%2Fref%3Dsxin_16_pa_sp_search_thematic_sspa%3Fcontent-id%3Damzn1.sym.4e7a2229-074e-44de-95c4-9fd858f46295%253Aamzn1.sym.4e7a2229-074e-44de-95c4-9fd858f46295%26crid%3D35T5VYB6CZ4CM%26cv_ct_cx%3Dnail%2Bpaint%26keywords%3Dnail%2Bpaint%26pd_rd_i%3DB01FWENIKM%26pd_rd_r%3D34b6ff28-90d4-4e6d-b3ff-781d5a16f423%26pd_rd_w%3DvezGl%26pd_rd_wg%3DocmuG%26pf_rd_p%3D4e7a2229-074e-44de-95c4-9fd858f46295%26pf_rd_r%3D0DADZBM2H7C23A559DMM%26qid%3D1668625871%26sprefix%3Dnailpaint%252Caps%252C90%26sr%3D1-4-a73d1c8c-2fd2-4f19-aa41-2df022bcb241-spons%26sp_csd%3Dd2lkZ2V0TmFtZT1zcF9zZWFyY2hfdGhlbWF0aWM%26psc%3D1%26smid%3DA1VF7ZJU7WEIVM,"Karma Organic Natural Nail Polish-Non-Toxic Nail Art, Vegan and Cruelty-Free Nail Paint (Wine O'clock)",0.47 Fl Oz (Pack of 1),4.5 out of 5 stars,418,$10.49,,B01FWENIKM,https://m.media-amazon.com/images/I/51iYq9Bn5KL._AC_UL320_.jpg
2354,https://www.amazon.com/sspa/click?ie=UTF8&spc=MTozNDAyMjgwNTI4NDE5NzI0OjE2Njg2MjU4NzE6c3Bfc2VhcmNoX3RoZW1hdGljOjIwMDAzNDg0ODY5Nzk5ODo6NDo6&url=%2FBeetles-Gel-Polish-Cyberpunks-Futurism%2Fdp%2FB09H5CJKCD%2Fref%3Dsxin_16_pa_sp_search_thematic_sspa%3Fcontent-id%3Damzn1.sym.4e7a2229-074e-44de-95c4-9fd858f46295%253Aamzn1.sym.4e7a2229-074e-44de-95c4-9fd858f46295%26crid%3D35T5VYB6CZ4CM%26cv_ct_cx%3Dnail%2Bpaint%26keywords%3Dnail%2Bpaint%26pd_rd_i%3DB09H5CJKCD%26pd_rd_r%3D34b6ff28-90d4-4e6d-b3ff-781d5a16f423%26pd_rd_w%3DvezGl%26pd_rd_wg%3DocmuG%26pf_rd_p%3D4e7a2229-074e-44de-95c4-9fd858f46295%26pf_rd_r%3D0DADZBM2H7C23A559DMM%26qid%3D1668625871%26sprefix%3Dnailpaint%252Caps%252C90%26sr%3D1-5-a73d1c8c-2fd2-4f19-aa41-2df022bcb241-spons%26sp_csd%3Dd2lkZ2V0TmFtZT1zcF9zZWFyY2hfdGhlbWF0aWM%26psc%3D1,Beetles Gel Polish Nail Art Gel Liner Set-6 Colors Cyberpunk's Futurism Gel Art Paint for Swirl Nails Neon Blue Hot Pink Colors Built Thin Nail Art Brush in Gel Pens Soak Off Led Lamp Nail Art Gel Christmas Nail Design,0.24 Fl Oz (Pack of 6),4.7 out of 5 stars,"4,251",$17.99,,B09H5CJKCD,https://m.media-amazon.com/images/I/71GwcZRQv8L._AC_UL320_.jpg
2356,https://www.amazon.com/Beetles-Red-Gel-Nail-Polish/dp/B07T7J9DWY/ref=sr_1_6?crid=35T5VYB6CZ4CM&keywords=nail+paint&qid=1668625871&sprefix=nailpaint%2Caps%2C90&sr=8-6,Beetles Red Gel Nail Polish Set - Peach Pink Skin Tone Gel Polish Kit Christmas Burgundy Red Nail Gel Polish Soak Off Nail Lamp Fall Winter Gel Nail Kit New Year's Nail Art Design Gifts for Women,0.25 Fl Oz (Pack of 6),4.5 out of 5 stars,"13,688",$14.99,"FREE delivery Tue, Nov 22 on $25 of items shipped by AmazonOr fastest delivery Fri, Nov 18|",B07T7J9DWY,https://m.media-amazon.com/images/I/617uOz-+l0L._AC_UL320_.jpg
2357,https://www.amazon.com/Modelones-Polish-Colors-Glitter-Required/dp/B09FH2RDKN/ref=sr_1_7?crid=35T5VYB6CZ4CM&keywords=nail+paint&qid=1668625871&sprefix=nailpaint%2Caps%2C90&sr=8-7,"Modelones Gel Polish Nail Art Gel Liner Set-8ml, 12 Colors Black White Red Glitter Silver Gel Nail Polish Gel Liner Nail Art Soak Off U V LED Required Built in Thin Nail Brush for Gel Art Paint Nail Design",0.27 Fl Oz (Pack of 12),4.4 out of 5 stars,571,$23.99,"FREE delivery Tue, Nov 22 on $25 of items shipped by AmazonOr fastest delivery Fri, Nov 18|",B09FH2RDKN,https://m.media-amazon.com/images/I/71BWQ4qvC0L._AC_UL320_.jpg
2358,https://www.amazon.com/Saviland-Colors-Nail-Art-Paint/dp/B094YCCD8N/ref=sr_1_8?crid=35T5VYB6CZ4CM&keywords=nail+paint&qid=1668625871&sprefix=nailpaint%2Caps%2C90&sr=8-8,Saviland 48 Colors Nail Art Gel Paint Kit - 63Pcs Solid Gel Nail Polish Kit with Nail Art Painting Gel and 15pcs Gel Nail Art Brushes for Nail Art Design Manicure DIY at Home & Nail Salon,63 Piece Set,4.3 out of 5 stars,"1,095",$39.99,"FREE delivery Tue, Nov 22 Or fastest delivery Fri, Nov 18|",B094YCCD8N,https://m.media-amazon.com/images/I/81PC6CM0g2L._AC_UL320_.jpg
2359,https://www.amazon.com/Nicole-Miller-Polish-Collection-Metallic/dp/B07GVPTBDM/ref=sr_1_9?crid=35T5VYB6CZ4CM&keywords=nail+paint&qid=1668625871&sprefix=nailpaint%2Caps%2C90&sr=8-9,Nicole Miller MINI Nail Polish Set / Floral Collection /15 Metallic and Trendy Colors,0.15 Fl Oz (Pack of 15),4.2 out of 5 stars,"5,196",$15.99,"FREE delivery Tue, Nov 22 on $25 of items shipped by AmazonOr fastest delivery Mon, Nov 21||Small Business|Small Business|Small Business|<img alt="""" src=""https://m.media-amazon.com/images/I/111mHoVK0kL._SS200_.png"" height=""50px"" width=""50px""/>  Small Business|<img alt="""" src=""https://m.media-amazon.com/images/I/111mHoVK0kL._SS200_.png"" height=""50px"" width=""50px""/>  Small Business",B07GVPTBDM,https://m.media-amazon.com/images/I/71f2uscUF0S._AC_UL320_.jpg|https://m.media-amazon.com/images/I/111mHoVK0kL._SS200_.png|
2360,https://www.amazon.com/Beetles-Gel-Polish-Valentines-Manicure/dp/B08DQS65XN/ref=sr_1_10?crid=35T5VYB6CZ4CM&keywords=nail+paint&qid=1668625871&sprefix=nailpaint%2Caps%2C90&sr=8-10,Beetles Gel Polish Kit- 6 Pcs Popular Nude Gel Polish Set All Seasons Skin Tones Pink Brown Neutral Gel Nail Polish Kit Soak Off LED Nail Lamp Gel Nail Kit Christmas Manicure DIY Home Gifts for Women,0.25 Fl Oz (Pack of 6),4.4 out of 5 stars,"9,302",$15.99,"FREE delivery Tue, Nov 22 on $25 of items shipped by AmazonOr fastest delivery Fri, Nov 18|",B08DQS65XN,https://m.media-amazon.com/images/I/71MpzaPK4-L._AC_UL320_.jpg
2361,https://www.amazon.com/Saviland-Gel-Paint-Kit-Painting/dp/B08PYPFSGC/ref=sr_1_11?crid=35T5VYB6CZ4CM&keywords=nail+paint&qid=1668625871&sprefix=nailpaint%2Caps%2C90&sr=8-11,Saviland Gel Paint Kit - Gel Nail Polish Kit 12 Colors Soak Off Gel Polish Set with 15pcs Painting Drawing Nail Brush Pen for Nail Art Design & Nail Salon,27 Piece Set,4.3 out of 5 stars,"2,605",$21.99,"FREE delivery Tue, Nov 22 on $25 of items shipped by AmazonOr fastest delivery Fri, Nov 18|",B08PYPFSGC,https://m.media-amazon.com/images/I/817+1CEEW2L._AC_UL320_.jpg
2362,https://aax-us-iad.amazon.com/x/c/RAGnxjVFEDbMCrE1HHaF32YAAAGEgdoyrwEAAAH2AQBOL0EgICAgICAgICAgICBOL0EgICAgICAgICAgICA0UYCZ/https://www.amazon.com/dp/B09D9451R2?pd_rd_i=B09D9451R2&pf_rd_p=b000e0a0-9e93-480f-bf78-a83c8136dfcb&pf_rd_r=0DADZBM2H7C23A559DMM&pd_rd_wg=ocmuG&pd_rd_w=zguak&pd_rd_r=34b6ff28-90d4-4e6d-b3ff-781d5a16f423,"Painted Gel Nail Polish Set-Gel Liner Nail Art 12 Colors Pink Red Paint for Nails Neon Color Built Thin Nail Art Brush in Bottle Gel Pen Soak Off Led Lamp Nail Art Gel,7ml for Home Salon Nail Design",Sponsored,4.4 out of 5 stars,316,$27.99,"FREE delivery Tue, Nov 22 Or fastest delivery Fri, Nov 18|",,
2365,https://www.amazon.com/Abitzon-New-Nail-Polish-Bottles/dp/B07K2W569B/ref=sr_1_12?crid=35T5VYB6CZ4CM&keywords=nail+paint&qid=1668625871&sprefix=nailpaint%2Caps%2C90&sr=8-12,Abitzon NEW Nail Polish Set (10 Bottles) - Non-Toxic Eco-Friendly Easy Peel Off & Quick Dry Water Based Nail Polish,10 Count (Pack of 1),3.9 out of 5 stars,"6,265",$14.99,"FREE delivery Tue, Nov 22 on $25 of items shipped by AmazonOr fastest delivery Fri, Nov 18|",B07K2W569B,https://m.media-amazon.com/images/I/61xuuR4hVKS._AC_UL320_.jpg
2366,https://www.amazon.com/Polish-Holiday-Temperature-Changing-Modelones/dp/B087M24D81/ref=sr_1_13?crid=35T5VYB6CZ4CM&keywords=nail+paint&qid=1668625871&sprefix=nailpaint%2Caps%2C90&sr=8-13,Modelones Color Changing Gel Nail Polish - 6 Colors 10ml Pink Glitter Blue Mood Temperature Change Gel Polish Set Soak Off Nail Polish Gel Kit DIY Home Salon Nail Art Manicure Gift for Women Christmas,0.34 Fl Oz (Pack of 6),4.3 out of 5 stars,"21,506",$19.99,"FREE delivery Tue, Nov 22 on $25 of items shipped by AmazonOr fastest delivery Fri, Nov 18|",B087M24D81,https://m.media-amazon.com/images/I/81TGntY47bL._AC_UL320_.jpg
2367,https://www.amazon.com/BONTIME-Non-Toxic-Nail-Polish-Colors/dp/B0797WN6DK/ref=sr_1_14?crid=35T5VYB6CZ4CM&keywords=nail+paint&qid=1668625871&sprefix=nailpaint%2Caps%2C90&sr=8-14,"BONTIME Non-Toxic Nail Polish - Easy Peel Off & Quick Dry, Organic Water Based Nail Polish Set for Women,Teens,Kids(6 Colors,0.27 fl oz)",0.27 Fl Oz (Pack of 6),3.9 out of 5 stars,"3,516",$16.99,"FREE delivery Tue, Nov 22 on $25 of items shipped by AmazonOr fastest delivery Fri, Nov 18|",B0797WN6DK,https://m.media-amazon.com/images/I/61MYOe6md9L._AC_UL320_.jpg
2368,https://www.amazon.com/Beetles-Nude-Pink-Gel-Polish/dp/B07W843CS1/ref=sr_1_15?crid=35T5VYB6CZ4CM&keywords=nail+paint&qid=1668625871&sprefix=nailpaint%2Caps%2C90&sr=8-15,Beetles Gel Nail Polish Set - 6 Colors Pink Rose Cherry Red Spring Summer Nail Gel Kit Baby Girlfriend Sweet Gifts for Women Girl Mom Mother Manicure Kit Soak Off LED Nail Lamp Light,0.25 Fl Oz (Pack of 6),4.5 out of 5 stars,"46,893",$14.99,"FREE delivery Tue, Nov 22 on $25 of items shipped by AmazonOr fastest delivery Fri, Nov 18|",B07W843CS1,https://m.media-amazon.com/images/I/71L5fHzt7cL._AC_UL320_.jpg
2369,https://www.amazon.com/Modelones-Neutral-Glitter-Upgraded-Manicure/dp/B09XGWH4WS/ref=sr_1_16?crid=35T5VYB6CZ4CM&keywords=nail+paint&qid=1668625871&sprefix=nailpaint%2Caps%2C90&sr=8-16,"Modelones 21 Colors Gel Nail Polish Set, Neutral Nude Brown Solid Gel Polish Pink Glitter Pudding Gel Skin Tones Upgraded Crème Manicure Palette Soak Off LED Nail Art Kit Salon DIY Home W/ Nail Brush",($33.77/Fl Oz),4.4 out of 5 stars,"13,322",$24.99,"FREE delivery Tue, Nov 22 on $25 of items shipped by AmazonOr fastest delivery Sun, Nov 20|",B09XGWH4WS,https://m.media-amazon.com/images/I/81uafhtuL3L._AC_UL320_.jpg
2370,https://www.amazon.com/sspa/click?ie=UTF8&spc=MToxMzIxMzEzNTkwOTM5MDg5OjE2Njg2MjU4NzE6c3BfbXRmOjIwMDEwMjYwODgzODM5ODo6MDo6&url=%2FTaskalo-Silicone-Craft-Mat-23-6inx15-7in%2Fdp%2FB0BDX3S4K3%2Fref%3Dsr_1_17_sspa%3Fcrid%3D35T5VYB6CZ4CM%26keywords%3Dnail%2Bpaint%26qid%3D1668625871%26sprefix%3Dnailpaint%252Caps%252C90%26sr%3D8-17-spons%26sp_csd%3Dd2lkZ2V0TmFtZT1zcF9tdGY%26psc%3D1,Taskalo Silicone Craft Mat - Silicone Painting Mat 23.6inx15.7in Nonstick Silicone Sheet for Resin Casting Nail Art DIY Graffiti Resin Molds Clay and Paint. (Blue),Sponsored,4.9 out of 5 stars,10,$16.99,"FREE delivery Tue, Nov 22 on $25 of items shipped by AmazonOr fastest delivery Fri, Nov 18|",B0BDX3S4K3,https://m.media-amazon.com/images/I/61Bf4B2ALsL._AC_UL320_.jpg
2371,https://www.amazon.com/sspa/click?ie=UTF8&spc=MToxMzIxMzEzNTkwOTM5MDg5OjE2Njg2MjU4NzE6c3BfbXRmOjIwMDA3MjMyNjY4Mjk5ODo6MDo6&url=%2FLuminous-Gel-Paint-Nail-Art%2Fdp%2FB09D9F6FNY%2Fref%3Dsr_1_18_sspa%3Fcrid%3D35T5VYB6CZ4CM%26keywords%3Dnail%2Bpaint%26qid%3D1668625871%26sprefix%3Dnailpaint%252Caps%252C90%26sr%3D8-18-spons%26sp_csd%3Dd2lkZ2V0TmFtZT1zcF9tdGY%26psc%3D1,Luminous Gel Paint Nail Art Kit - Glow In The Dark Gel Liner 12 Color Neon Luminous Gel Painting Drawing Design Kit UV LED Neon Fluorescent Nail Liner Art Polish for Professional Home DIY Nail Salon,Sponsored,4.4 out of 5 stars,316,$27.99,"FREE delivery Tue, Nov 22 Or fastest delivery Fri, Nov 18||Small Business|Small Business|Small Business|<img alt="""" src=""https://m.media-amazon.com/images/I/111mHoVK0kL._SS200_.png"" height=""50px"" width=""50px""/>  Small Business|<img alt="""" src=""https://m.media-amazon.com/images/I/111mHoVK0kL._SS200_.png"" height=""50px"" width=""50px""/>  Small Business",B09D9F6FNY,https://m.media-amazon.com/images/I/711ET001cBL._AC_UL320_.jpg|https://m.media-amazon.com/images/I/111mHoVK0kL._SS200_.png|
2372,https://www.amazon.com/sspa/click?ie=UTF8&spc=MToxMzIxMzEzNTkwOTM5MDg5OjE2Njg2MjU4NzE6c3BfbXRmOjIwMDA3OTc1MjgzNTA5ODo6MDo6&url=%2FBlue-Pigment-Multipurpose-Additive-Woodworking%2Fdp%2FB0B6C4YNYJ%2Fref%3Dsr_1_19_sspa%3Fcrid%3D35T5VYB6CZ4CM%26keywords%3Dnail%2Bpaint%26qid%3D1668625871%26sprefix%3Dnailpaint%252Caps%252C90%26sr%3D8-19-spons%26sp_csd%3Dd2lkZ2V0TmFtZT1zcF9tdGY%26psc%3D1,"Blue Mica Powder(100g) Big Bottle Pigment Powder Multipurpose DIY Arts and Crafts Additive, Woodworking, Epoxy, Resin, Natural Bath Bombs, Paint, Soap,Nail Polish, Lip Gloss(Luster Blue, 3.5oz)",Sponsored,4.4 out of 5 stars,44,$12.99,"FREE delivery Tue, Nov 22 on $25 of items shipped by AmazonOr fastest delivery Sat, Nov 19|",B0B6C4YNYJ,https://m.media-amazon.com/images/I/A1nTo5Z62GL._AC_UL320_.jpg
2373,https://www.amazon.com/sspa/click?ie=UTF8&spc=MToxMzIxMzEzNTkwOTM5MDg5OjE2Njg2MjU4NzE6c3BfbXRmOjIwMDEwMTgwMTQwNjQ5ODo6MDo6&url=%2FJuuGue-Popular-Seasons-Manicure-Colors-Set%2Fdp%2FB0BDNMRKR3%2Fref%3Dsr_1_20_sspa%3Fcrid%3D35T5VYB6CZ4CM%26keywords%3Dnail%2Bpaint%26qid%3D1668625871%26sprefix%3Dnailpaint%252Caps%252C90%26sr%3D8-20-spons%26sp_csd%3Dd2lkZ2V0TmFtZT1zcF9tdGY%26psc%3D1,"JuuGue Gel Nail Polish Set- 6/12 Colors Series Popular Gel Polish All Seasons Skin Pink Neutral Brown Gel Polish Kit, Non Toxic Nail Polish Kit Manicure DIY Home Gift for Women Girls (6 Colors-Set A)",Sponsored,,,$12.99,"FREE delivery Tue, Nov 22 on $25 of items shipped by AmazonOr fastest delivery Fri, Nov 18|",B0BDNMRKR3,https://m.media-amazon.com/images/I/71Q8YGBFAaL._AC_UL320_.jpg
2374,https://www.amazon.com/REVLON-Colors-Natural-Glossy-Formula/dp/B08N3K536B/ref=sr_1_21?crid=35T5VYB6CZ4CM&keywords=nail+paint&qid=1668625871&sprefix=nailpaint%2Caps%2C90&sr=8-21,"REVLON Ultra HD Snap Nail Polish, Glossy Nail Color, 100% Vegan Formula, Perfect for Spooky Halloween Nails, No Base and Top Coat Needed, 026 Under My Spell, 0.27 fl. Oz.",0.27 Fl Oz (Pack of 1),4.3 out of 5 stars,"3,530",$5.71,FREE delivery Nov 21 - 25 Or fastest delivery Nov 18 - 23,B08N3K536B,https://m.media-amazon.com/images/I/715xg94A5fL._AC_UL320_.jpg
2375,https://www.amazon.com/Polish-Modelones-Manicure-Winter-Brown/dp/B07V4FB7WX/ref=sr_1_22?crid=35T5VYB6CZ4CM&keywords=nail+paint&qid=1668625871&sprefix=nailpaint%2Caps%2C90&sr=8-22,Modelones Gel Nail Polish Set - 7 Colors Nude Pink Brown Gray Soak off Nail Polish Kit LED Nail Lamp Required Classic Modern Nail Art Salon Gel Nail Manicure Gift Kit,7 Count(Pack of 1),4.1 out of 5 stars,"13,340",$9.99,"FREE delivery Tue, Nov 22 on $25 of items shipped by AmazonOr fastest delivery Fri, Nov 18|",B07V4FB7WX,https://m.media-amazon.com/images/I/71z26dZ9D4L._AC_UL320_.jpg
2376,https://www.amazon.com/Beetles-Milky-Glitter-Gel-Polish/dp/B07TY121WR/ref=sr_1_23?crid=35T5VYB6CZ4CM&keywords=nail+paint&qid=1668625871&sprefix=nailpaint%2Caps%2C90&sr=8-23,Beetles Milky Way Glitter Gel Nail Polish Set - 6Pcs Fall Winter Black Gel Polish Kit Soak Off Nail Lamp Cat Eyes Magnet Color Changing Glitter Gel Polish Phantom Chameleon Gel Nail Kit Gift for Women,0.25 Fl Oz (Pack of 6),4.5 out of 5 stars,"17,211",$18.99,"FREE delivery Tue, Nov 22 on $25 of items shipped by AmazonOr fastest delivery Fri, Nov 18|",B07TY121WR,https://m.media-amazon.com/images/I/71MReF2kJ7L._AC_UL320_.jpg
2377,https://www.amazon.com/JOSLOVE-Christmas-Burgundy-Champagne-Manicure/dp/B0B93G2DRS/ref=sr_1_24?crid=35T5VYB6CZ4CM&keywords=nail+paint&qid=1668625871&sprefix=nailpaint%2Caps%2C90&sr=8-24,"JOSLOVE Christmas Holiday Solid Gel Nail Polish Set, 6 Colors Pudding Cream Burgundy Red Brown Champagne Gold Snow White Nude Grey Gel Polish Kit with Gel U V Led Nail Lamp Nail Manicure Salon Gift",0.03 Fl Oz (Pack of 6),4.6 out of 5 stars,28,$14.99,"FREE delivery Tue, Nov 22 on $25 of items shipped by AmazonOr fastest delivery Fri, Nov 18|",B0B93G2DRS,https://m.media-amazon.com/images/I/71ZKyoxFzwL._AC_UL320_.jpg
2378,https://www.amazon.com/Polish-Lustrous-Resistant-Longwear-Formula/dp/B00EUAEJ08/ref=sr_1_25_mod_primary_new?crid=35T5VYB6CZ4CM&keywords=nail+paint&qid=1668625871&sbo=RZvfv%2F%2FHxDF%2BO5021pAnSA%3D%3D&sprefix=nailpaint%2Caps%2C90&sr=8-25,"Nail Polish by Revlon, Super Lustrous Nail Enamel Polish, Chip Resistant & Longwear Formula, High Shine Finish, 660 Divine, 0.5 Fl Oz",0.5 Fl Oz (Pack of 1),4.5 out of 5 stars,"5,540|Another way to buy|$9.20$9.20|$9.20$9.20|FREE delivery Tue, Nov 22",$8.48,"FREE delivery Nov 25 - 28|FREE delivery Tue, Nov 22",B00EUAEJ08,https://m.media-amazon.com/images/I/513WQlmRGOL._AC_UL320_.jpg
2379,https://www.amazon.com/Polish-Lustrous-Resistant-Longwear-Formula/dp/B003HLQVNE/ref=sr_1_26?crid=35T5VYB6CZ4CM&keywords=nail+paint&qid=1668625871&sprefix=nailpaint%2Caps%2C90&sr=8-26,"Nail Polish by Revlon, Super Lustrous Nail Enamel Polish, Chip Resistant & Longwear Formula, High Shine Finish, 680 Revlon Red, 0.5 Fl Oz",0.5 Fl Oz (Pack of 1),4.5 out of 5 stars,"4,974",,,B003HLQVNE,https://m.media-amazon.com/images/I/41jCchqjsEL._AC_UL320_.jpg
2380,https://www.amazon.com/Spider-Gel-Saviland-Upgraded-Drawing/dp/B08BYHV1CG/ref=sr_1_27?crid=35T5VYB6CZ4CM&keywords=nail+paint&qid=1668625871&sprefix=nailpaint%2Caps%2C90&sr=8-27,"6 Colors Spider Gel, Saviland New Upgraded Matrices Spider Gel with Nail Art Brushes, Nail Designs Gel Paint Wire Drawing Gel Polish for Line (White Black Red Blue Gold Silver)",6 Count (Pack of 1),4.4 out of 5 stars,"4,692",$13.99,"FREE delivery Tue, Nov 22 on $25 of items shipped by AmazonOr fastest delivery Fri, Nov 18|",B08BYHV1CG,https://m.media-amazon.com/images/I/714qkLq2KKL._AC_UL320_.jpg
2381,https://www.amazon.com/SXC-Cosmetics-G-41-Colors-Glitters/dp/B09SN8BG4W/ref=sr_1_28?crid=35T5VYB6CZ4CM&keywords=nail+paint&qid=1668625871&sprefix=nailpaint%2Caps%2C90&sr=8-28,SXC Cosmetics G-41 Gel Liner Nail Art Set 12 Black White Red Pink Colors Gel Art Paint for Swirl Nails Built-in Thin Nail Art Brush in Bottle Gel Pens Soak off Gold Silver Glitters Nail Art Gel,0.27 Fl Oz (Pack of 12),4.6 out of 5 stars,357,$19.99,"FREE delivery Tue, Nov 22 on $25 of items shipped by AmazonOr fastest delivery Fri, Nov 18||Small Business|Small Business|Small Business|<img alt="""" src=""https://m.media-amazon.com/images/I/111mHoVK0kL._SS200_.png"" height=""50px"" width=""50px""/>  Small Business|<img alt="""" src=""https://m.media-amazon.com/images/I/111mHoVK0kL._SS200_.png"" height=""50px"" width=""50px""/>  Small Business",B09SN8BG4W,https://m.media-amazon.com/images/I/71yBq1xSwnL._AC_UL320_.jpg|https://m.media-amazon.com/images/I/111mHoVK0kL._SS200_.png|
2382,https://www.amazon.com/Vrenmol-Painting-Brushes-Manicure-Professional/dp/B09BD2HRZZ/ref=sr_1_29?crid=35T5VYB6CZ4CM&keywords=nail+paint&qid=1668625871&sprefix=nailpaint%2Caps%2C90&sr=8-29,"Vrenmol Gel Paint for Nail Art Kit - 24 Colors Fall Gel Nail Polish Autumn Solid Nail Art Gel Polish Set with 15pcs Painting Nail Brushes for Nail Art Design, DIY Manicure Nail Salon",39 Piece Set,4.1 out of 5 stars,719,$19.99,"FREE delivery Tue, Nov 22 on $25 of items shipped by AmazonOr fastest delivery Fri, Nov 18|",B09BD2HRZZ,https://m.media-amazon.com/images/I/81VSmAGmylL._AC_UL320_.jpg
2383,https://www.amazon.com/Sally-Hansen-Xtreme-Polish-Watermelon/dp/B07JNWQ5H3/ref=sr_1_30?crid=35T5VYB6CZ4CM&keywords=nail+paint&qid=1668625871&sprefix=nailpaint%2Caps%2C90&sr=8-30,"Sally Hansen Xtreme Wear Nail Polish, Watermelon Felon, 0.4 Fl. Oz.",0.4 Fl Oz (Pack of 1),4.2 out of 5 stars,"2,886",$2.59,"FREE delivery Tue, Nov 22 on $25 of items shipped by AmazonOr fastest delivery Sat, Nov 19|",B07JNWQ5H3,https://m.media-amazon.com/images/I/31M45kc-8KL._AC_UL320_.jpg
2384,https://www.amazon.com/Beetles-Gel-Polish-Collection-Manicure/dp/B0919Z95D6/ref=sr_1_31?crid=35T5VYB6CZ4CM&keywords=nail+paint&qid=1668625871&sprefix=nailpaint%2Caps%2C90&sr=8-31,"Beetles Gel Nail Polish Set, 6 Retro Colors Old School Collection Soak Off U V LED Lamp Nail Gel Polish Red Yellow Blue Orange Green Gel Polish Nail Art Design Manicure Kit Salon DIY at Home Gifts",0.25 Fl Oz (Pack of 6),4.6 out of 5 stars,"20,992",$13.99,"FREE delivery Tue, Nov 22 on $25 of items shipped by AmazonOr fastest delivery Fri, Nov 18|",B0919Z95D6,https://m.media-amazon.com/images/I/71MRAR-CGJL._AC_UL320_.jpg
2385,https://www.amazon.com/Colors-Polish-Esmaltes-Design-Beginners/dp/B09MW64FXQ/ref=sr_1_32?crid=35T5VYB6CZ4CM&keywords=nail+paint&qid=1668625871&sprefix=nailpaint%2Caps%2C90&sr=8-32,36 Colors Gel Nail Polish Set Gel Paint Nail Art Kit Esmaltes Para UñAs En Gel UV Led Gel Nail Design Kit With Brush Strip Gel Art Paint For Nails At Home Cream Gel Nail Polish Kit For Beginners (8ML*36+3),39 Piece Set,3.8 out of 5 stars,465,$19.99,"FREE delivery Tue, Nov 22 on $25 of items shipped by AmazonOr fastest delivery Fri, Nov 18|",B09MW64FXQ,https://m.media-amazon.com/images/I/71gLX87akPS._AC_UL320_.jpg
2386,https://www.amazon.com/sspa/click?ie=UTF8&spc=MToxMzIxMzEzNTkwOTM5MDg5OjE2Njg2MjU4NzE6c3BfbXRmOjIwMDEwNDM2OTY0NjE5ODo6MDo6&url=%2FColors-Professional-Painting-Manicure-Required%2Fdp%2FB09PYXYTMN%2Fref%3Dsr_1_33_sspa%3Fcrid%3D35T5VYB6CZ4CM%26keywords%3Dnail%2Bpaint%26qid%3D1668625871%26sprefix%3Dnailpaint%252Caps%252C90%26sr%3D8-33-spons%26sp_csd%3Dd2lkZ2V0TmFtZT1zcF9tdGY%26psc%3D1,Gel Liner Nail Art Polish 6 Colors Thin Brush UV LED Soak Off Required Professional Paint Design Supplies Salon Home DIY,Sponsored,,,$16.99,"FREE delivery on $25 shipped by Amazon.|Small Business|Small Business|Small Business|<img alt="""" src=""https://m.media-amazon.com/images/I/111mHoVK0kL._SS200_.png"" height=""50px"" width=""50px""/>  Small Business|<img alt="""" src=""https://m.media-amazon.com/images/I/111mHoVK0kL._SS200_.png"" height=""50px"" width=""50px""/>  Small Business",B09PYXYTMN,https://m.media-amazon.com/images/I/71xCh9k1JOL._AC_UL320_.jpg|https://m.media-amazon.com/images/I/111mHoVK0kL._SS200_.png|
2387,https://www.amazon.com/sspa/click?ie=UTF8&spc=MToxMzIxMzEzNTkwOTM5MDg5OjE2Njg2MjU4NzE6c3BfbXRmOjIwMDA0ODI2OTA4NTU5ODo6MDo6&url=%2FLimegirl-Pudding-Palette-Manicure-Portable%2Fdp%2FB09TVNHB98%2Fref%3Dsr_1_34_sspa%3Fcrid%3D35T5VYB6CZ4CM%26keywords%3Dnail%2Bpaint%26qid%3D1668625871%26sprefix%3Dnailpaint%252Caps%252C90%26sr%3D8-34-spons%26sp_csd%3Dd2lkZ2V0TmFtZT1zcF9tdGY%26psc%3D1,"Limegirl Solid Cream Gel Polish Set, 6 Colors Pudding Gel Nail Polish Palette with Nail Brush, Glitter Solid Gel Manicure UV Paint Nail Art Kit Soak Off Portable Gift for Mom/ Girls/ Friends DIY",Sponsored,4.3 out of 5 stars,72,$9.99,"FREE delivery Tue, Nov 22 on $25 of items shipped by AmazonOr fastest delivery Sat, Nov 19|",B09TVNHB98,https://m.media-amazon.com/images/I/71mSsrZ76hL._AC_UL320_.jpg
2388,https://www.amazon.com/sspa/click?ie=UTF8&spc=MToxMzIxMzEzNTkwOTM5MDg5OjE2Njg2MjU4NzE6c3BfbXRmOjIwMDAyMTAyNDcwMTA5ODo6MDo6&url=%2FRARJSM-Transparent-Manicure-Varnish-Requires%2Fdp%2FB097D941SL%2Fref%3Dsr_1_35_sspa%3Fcrid%3D35T5VYB6CZ4CM%26keywords%3Dnail%2Bpaint%26qid%3D1668625871%26sprefix%3Dnailpaint%252Caps%252C90%26sr%3D8-35-spons%26sp_csd%3Dd2lkZ2V0TmFtZT1zcF9tdGY%26psc%3D1,RARJSM Nude Sheer Jelly Pink Gel Nail Polish Set of 6 Transparent Colors LED UV Gel Soak Off Clear Taffy Brown Milky White French Manicure Nail Gel Polish Varnish Curing Requires 7.5ml for Home Salon,Sponsored,4.5 out of 5 stars,870,$13.99,"FREE delivery Tue, Nov 22 on $25 of items shipped by AmazonOr fastest delivery Fri, Nov 18|",B097D941SL,https://m.media-amazon.com/images/I/61p0DpORMSL._AC_UL320_.jpg
2389,https://www.amazon.com/sspa/click?ie=UTF8&spc=MToxMzIxMzEzNTkwOTM5MDg5OjE2Njg2MjU4NzE6c3BfbXRmOjIwMDA4ODE0NTM4ODI5ODo6MDo6&url=%2FModelones-Neutral-Glitter-Upgraded-Manicure%2Fdp%2FB09XH2HCQQ%2Fref%3Dsr_1_36_sspa%3Fcrid%3D35T5VYB6CZ4CM%26keywords%3Dnail%2Bpaint%26qid%3D1668625871%26sprefix%3Dnailpaint%252Caps%252C90%26sr%3D8-36-spons%26sp_csd%3Dd2lkZ2V0TmFtZT1zcF9tdGY%26psc%3D1,"Modelones 21 Colors Gel Nail Polish Set, Neutral Nude Gray Pink Solid Gel Polish Brown Blue Black Glitter Pudding Gel Upgraded Crème Manicure Palette Soak Off LED Nail Art Kit Salon DIY W/ Nail Brush",Sponsored,4.4 out of 5 stars,"13,322",$24.99,"FREE delivery Tue, Nov 22 on $25 of items shipped by AmazonOr fastest delivery Fri, Nov 18|",B09XH2HCQQ,https://m.media-amazon.com/images/I/81gC+LV4yLL._AC_UL320_.jpg
2390,https://www.amazon.com/Beetles-Gel-Polish-Unicorn-Paradise/dp/B09H5DQPJW/ref=sr_1_37?crid=35T5VYB6CZ4CM&keywords=nail+paint&qid=1668625871&sprefix=nailpaint%2Caps%2C90&sr=8-37,Beetles Gel Polish Nail Art Gel Liner Set-12 Colors Unicorn Dreamy Pastel Gel Art Paint for Swirl Nails Paradise Girly Color Built Thin Nail Art Brush in Bottle Gel Pen Soak Off Led Lamp Nail Art Gel,0.17 Fl Oz (Pack of 12),4.6 out of 5 stars,"10,781",$26.99,"FREE delivery Tue, Nov 22 Or fastest delivery Fri, Nov 18|",B09H5DQPJW,https://m.media-amazon.com/images/I/71ykBYsj7OL._AC_UL320_.jpg
2391,https://www.amazon.com/SHANY-Famous-Colors-Polish-Decoration/dp/B005X2F7KI/ref=sr_1_38?crid=35T5VYB6CZ4CM&keywords=nail+paint&qid=1668625871&sprefix=nailpaint%2Caps%2C90&sr=8-38,"SHANY Nail Art Set (24 Famous Colors Nail Art Polish, Nail Art Decoration)",0.27 Fl Oz (Pack of 24),4.2 out of 5 stars,"5,246",$28.22,"FREE delivery Tue, Nov 22 Or fastest delivery Mon, Nov 21||Small Business|Small Business|Small Business|<img alt="""" src=""https://m.media-amazon.com/images/I/111mHoVK0kL._SS200_.png"" height=""50px"" width=""50px""/>  Small Business|<img alt="""" src=""https://m.media-amazon.com/images/I/111mHoVK0kL._SS200_.png"" height=""50px"" width=""50px""/>  Small Business",B005X2F7KI,https://m.media-amazon.com/images/I/71l9lrVRRXL._AC_UL320_.jpg|https://m.media-amazon.com/images/I/111mHoVK0kL._SS200_.png|
2392,https://www.amazon.com/LILYCUTE-Painted-Painting-Brushes-Manicure/dp/B0B5WL98S1/ref=sr_1_39?crid=35T5VYB6CZ4CM&keywords=nail+paint&qid=1668625871&sprefix=nailpaint%2Caps%2C90&sr=8-39,"LILYCUTE 12 Colors Nail Art Gel Paint Kit,Solid Painted Gel Nail Polish Set with 15 Pcs Nail Painting Brushes,Fall Winter Nail Art Gel Polish Set for Nail Art Design DIY At Home and Manicure Nail Salon",0.24 Fl Oz (Pack of 1),4.9 out of 5 stars,4,$14.99,"FREE delivery Tue, Nov 22 on $25 of items shipped by AmazonOr fastest delivery Sat, Nov 19|",B0B5WL98S1,https://m.media-amazon.com/images/I/815n4fnGsKL._AC_UL320_.jpg
2393,https://www.amazon.com/Saviland-Colors-Decorations-Manicure-Design/dp/B09GM2CHCK/ref=sr_1_40?crid=35T5VYB6CZ4CM&keywords=nail+paint&qid=1668625871&sprefix=nailpaint%2Caps%2C90&sr=8-40,"Saviland 56 PCS Gel Paint for Nails Art Kit with 36 Colors Gel Paint ,Base & Top Coat, 15pcs Nail Brush, Nail Decorations, Nail Manicure Tools for Nail Paint, Nail Art Design, DIY Nail Decorations",56 Piece Set,4.4 out of 5 stars,256,$25.99,"FREE delivery Tue, Nov 22 Or fastest delivery Fri, Nov 18|",B09GM2CHCK,https://m.media-amazon.com/images/I/81xEUrWHKAL._AC_UL320_.jpg
2394,https://www.amazon.com/Modelones-Polish-Set-8ml-Colors-Glitter/dp/B09K3QY3JS/ref=sr_1_41?crid=35T5VYB6CZ4CM&keywords=nail+paint&qid=1668625871&sprefix=nailpaint%2Caps%2C90&sr=8-41,"Modelones Gel Polish Nail Art Gel Liner Set-8ml, 6 Colors White Black Pink Glitter Gel Nail Polish Gel Liner Nail Art Soak Off Led Lamp Built in Thin Nail Art Brush for Nail Design Paint",0.27 Fl Oz (Pack of 6),4.4 out of 5 stars,415,$13.99,"FREE delivery Tue, Nov 22 on $25 of items shipped by AmazonOr fastest delivery Fri, Nov 18|",B09K3QY3JS,https://m.media-amazon.com/images/I/61CshHt8MiL._AC_UL320_.jpg
2395,https://www.amazon.com/Polish-Manicure-Starter-Colors-colors/dp/B0B2ZX9LT2/ref=sr_1_42?crid=35T5VYB6CZ4CM&keywords=nail+paint&qid=1668625871&sprefix=nailpaint%2Caps%2C90&sr=8-42,"Gel Nail Polish Manicure Set Starter Kit, 12 Colors Gel Polish Nail Kit Soak Off Gel Nail Set Manicure with Nail Brush (12 colors)",($12.99/Fl Oz),5.0 out of 5 stars,2,$12.99,"FREE delivery Tue, Nov 22 on $25 of items shipped by AmazonOr fastest delivery Fri, Nov 18|",B0B2ZX9LT2,https://m.media-amazon.com/images/I/71OAJbSxHNL._AC_UL320_.jpg
2396,https://www.amazon.com/Colors-Painting-Polish-Drawing-Design/dp/B08S6RQQ6S/ref=sr_1_43?crid=35T5VYB6CZ4CM&keywords=nail+paint&qid=1668625871&sprefix=nailpaint%2Caps%2C90&sr=8-43,"12 Colors Painting Gel, Gel Nail Polish Kit with Painting Drawing Nail Brush Pen, Soak Off UV LED Gel Polish Set, Gel Paint for Nail Art Drawing Gel Nail for Art Design",13 Piece Set,4.5 out of 5 stars,202,$18.99,"FREE delivery Tue, Nov 22 on $25 of items shipped by AmazonOr fastest delivery Fri, Nov 18|",B08S6RQQ6S,https://m.media-amazon.com/images/I/71pwo0-SgeL._AC_UL320_.jpg
2397,https://www.amazon.com/essie-expressie-quick-dry-polish-binge-worthy/dp/B07Y8Y11PR/ref=sr_1_44?crid=35T5VYB6CZ4CM&keywords=nail+paint&qid=1668625871&sprefix=nailpaint%2Caps%2C90&sr=8-44,"essie expressie Quick-Dry Vegan Nail Polish, Binge-Worthy, Soft Gray, 0.33 Ounce",1 Count (Pack of 1),4.4 out of 5 stars,"4,049",$6.07,FREE delivery Nov 25 - Dec 1 Or fastest delivery Nov 21 - 25,B07Y8Y11PR,https://m.media-amazon.com/images/I/31xzKs3FUoL._AC_UL320_.jpg
2398,https://www.amazon.com/Colors-Classic-Painting-Drawing-Pulling/dp/B09B1WFRB4/ref=sr_1_45?crid=35T5VYB6CZ4CM&keywords=nail+paint&qid=1668625871&sprefix=nailpaint%2Caps%2C90&sr=8-45,"24 Colors Classic Neon Painting Gel Nail Polish Set,Drawing Gel Nail Liner Polish Nail Wire Pulling Gel Kit DIY Line Art Gel for Nail Art Salon",24 Piece Set,4.5 out of 5 stars,"1,204",$34.99,"FREE delivery Tue, Nov 22 Or fastest delivery Fri, Nov 18|",B09B1WFRB4,https://m.media-amazon.com/images/I/81zXXQKeIpL._AC_UL320_.jpg
2399,https://www.amazon.com/Saviland-Gel-Paint-Nail-Polish/dp/B097PJ895W/ref=sr_1_46?crid=35T5VYB6CZ4CM&keywords=nail+paint&qid=1668625871&sprefix=nailpaint%2Caps%2C90&sr=8-46,"Saviland Gel Nail Polish Gel Liner Nail Art Set - 12 Colors 8Ml Neon Gel Nail Polish Set with Thin Brush for Line Pulling, Gel Paint for Nails Art, Gel Nail Art and Christmas Gifts for Women",0.27 Fl Oz (Pack of 12),4.6 out of 5 stars,353,$19.99,"FREE delivery Tue, Nov 22 on $25 of items shipped by AmazonOr fastest delivery Fri, Nov 18|",B097PJ895W,https://m.media-amazon.com/images/I/81m03JwpfYL._AC_UL320_.jpg
2400,https://www.amazon.com/AILLSA-Polish-lasting-Christmas-Manicure/dp/B0BBZVZQHQ/ref=sr_1_47?crid=35T5VYB6CZ4CM&keywords=nail+paint&qid=1668625871&sprefix=nailpaint%2Caps%2C90&sr=8-47,AILLSA Red Gel Nail Polish 15ml Gel Polish Long lasting Winter Christmas Nails Red Nail Polish Gel Quick Dry Soak Off UV Gel Nail Polish French Manicure Nail Art 1Pcs,0.51 Fl Oz (Pack of 1),,,$6.99,"FREE delivery Tue, Nov 22 on $25 of items shipped by AmazonOr fastest delivery Fri, Nov 18|",B0BBZVZQHQ,https://m.media-amazon.com/images/I/61ZFWPCIMrL._AC_UL320_.jpg
2401,https://www.amazon.com/RARJSM-Painted-Requires-Manicure-Painting/dp/B098QPDYZM/ref=sr_1_48?crid=35T5VYB6CZ4CM&keywords=nail+paint&qid=1668625871&sprefix=nailpaint%2Caps%2C90&sr=8-48,"RARJSM Nail Art Gel,Liner Gel Polish,Black White Nail Design Polish Painted Gel Nail Polish Set 2Pcs Soak off Curing Requires 8ml Build in Thin Brush for Home Salon Diy Nail French Manicure Painting",0.27 Fl Oz (Pack of 2),4.4 out of 5 stars,"1,009",$9.98,"FREE delivery Tue, Nov 22 on $25 of items shipped by AmazonOr fastest delivery Fri, Nov 18|",B098QPDYZM,https://m.media-amazon.com/images/I/61lO7UgRknL._AC_UL320_.jpg
2402,https://www.amazon.com/Painting-Gel-Nail-Polish-Set/dp/B09D9451R2/ref=sr_1_49?crid=35T5VYB6CZ4CM&keywords=nail+paint&qid=1668625871&sprefix=nailpaint%2Caps%2C90&sr=8-49,"Painted Gel Nail Polish Set-Gel Liner Nail Art 12 Colors Pink Red Paint for Nails Neon Color Built Thin Nail Art Brush in Bottle Gel Pen Soak Off Led Lamp Nail Art Gel,7ml for Home Salon Nail Design",2.8 Fl Oz (Pack of 1),4.4 out of 5 stars,316,$27.99,"FREE delivery Tue, Nov 22 Or fastest delivery Fri, Nov 18||Small Business|Small Business|Small Business|<img alt="""" src=""https://m.media-amazon.com/images/I/111mHoVK0kL._SS200_.png"" height=""50px"" width=""50px""/>  Small Business|<img alt="""" src=""https://m.media-amazon.com/images/I/111mHoVK0kL._SS200_.png"" height=""50px"" width=""50px""/>  Small Business",B09D9451R2,https://m.media-amazon.com/images/I/81yiQ858-HL._AC_UL320_.jpg|https://m.media-amazon.com/images/I/111mHoVK0kL._SS200_.png|
2403,https://www.amazon.com/LILYCUTE-Polish-Set-12-Glitter-Drawing/dp/B09ZDSGKBB/ref=sr_1_50?crid=35T5VYB6CZ4CM&keywords=nail+paint&qid=1668625871&sprefix=nailpaint%2Caps%2C90&sr=8-50,"LILYCUTE Gel Liner Nail Art Polish Set-12 Colors Gel Paint for Nails Art with Thin Nail Art Brush in Bottle,Soak off Black White Red Glitter Silver Nail Art Polish Set for Gel Art Paint Nail Design,DIY Drawing Gel Liner Polish Gifts for Girls Women",0.17 Fl Oz (Pack of 12),4.4 out of 5 stars,641,$18.99,"FREE delivery Tue, Nov 22 on $25 of items shipped by AmazonOr fastest delivery Fri, Nov 18|",B09ZDSGKBB,https://m.media-amazon.com/images/I/81PnwqEyx4L._AC_UL320_.jpg
2404,https://www.amazon.com/spider-polish-professional-lacquer-embossing/dp/B07P3KPBJ7/ref=sr_1_51?crid=35T5VYB6CZ4CM&keywords=nail+paint&qid=1668625871&sprefix=nailpaint%2Caps%2C90&sr=8-51,8ml spider gel nail polish art uv led professional nail paint uv color gel lacquer embossing pull wire spider gel (Black),1 Count (Pack of 1),4.6 out of 5 stars,224,$5.99,"FREE delivery Tue, Nov 22 on $25 of items shipped by AmazonOr fastest delivery Sat, Nov 19|",B07P3KPBJ7,https://m.media-amazon.com/images/I/61RhnHN6oGL._AC_UL320_.jpg
2405,https://www.amazon.com/Gospire-Bottles-Acrylic-Display-Organizer/dp/B073TVMPZ9/ref=sr_1_52?crid=35T5VYB6CZ4CM&keywords=nail+paint&qid=1668625871&sprefix=nailpaint%2Caps%2C90&sr=8-52,Gospire 6 Tier Clear Acrylic Nail Polish Ink Rack Sunglasses Organizer Eyeglasses Display Rack essential oil Stand Holder Jewelry Makeup Organizer,1 Count (Pack of 1),4.7 out of 5 stars,"3,302",$17.59,"FREE delivery Tue, Nov 22 on $25 of items shipped by AmazonOr fastest delivery Fri, Nov 18|",B073TVMPZ9,https://m.media-amazon.com/images/I/81d+HAgOBUL._AC_UL320_.jpg
2406,https://www.amazon.com/Beetles-Gel-Polish-Cyberpunks-Futurism/dp/B09H5CJKCD/ref=sr_1_53?crid=35T5VYB6CZ4CM&keywords=nail+paint&qid=1668625871&sprefix=nailpaint%2Caps%2C90&sr=8-53,Beetles Gel Polish Nail Art Gel Liner Set-6 Colors Cyberpunk's Futurism Gel Art Paint for Swirl Nails Neon Blue Hot Pink Colors Built Thin Nail Art Brush in Gel Pens Soak Off Led Lamp Nail Art Gel Christmas Nail Design,0.24 Fl Oz (Pack of 6),4.7 out of 5 stars,"4,251",$17.99,"FREE delivery Tue, Nov 22 on $25 of items shipped by AmazonOr fastest delivery Fri, Nov 18|",B09H5CJKCD,https://m.media-amazon.com/images/I/71GwcZRQv8L._AC_UL320_.jpg
2407,https://www.amazon.com/OPI-Infinite-Shine-Really-Waitress/dp/B00421YYBO/ref=sr_1_54?crid=35T5VYB6CZ4CM&keywords=nail+paint&qid=1668625871&sprefix=nailpaint%2Caps%2C90&sr=8-54,"OPI Infinite Shine 2 Long-Wear Lacquer, I'm Not Really a Waitress, Red Long-Lasting Nail Polish, 0.5 fl oz",0.5 Fl Oz (Pack of 1),4.7 out of 5 stars,805,$13.99,"FREE delivery Tue, Nov 22 on $25 of items shipped by AmazonOr fastest delivery Fri, Nov 18|",B00421YYBO,https://m.media-amazon.com/images/I/61IrrkzsqnL._AC_UL320_.jpg
2408,https://www.amazon.com/Gellen-Polish-Colors-Spring-Summer/dp/B09VL3ZGCV/ref=sr_1_55?crid=35T5VYB6CZ4CM&keywords=nail+paint&qid=1668625871&sprefix=nailpaint%2Caps%2C90&sr=8-55,"Gellen Gel Nail Polish Kit - 3D Cat Eye Gel Polish, Shimmers Vibrant Nail Polish, Trendy Nail Art Magnetic Gel Nail Polish Set",($8.64/Fl Oz),4.3 out of 5 stars,"2,510",$13.99,"FREE delivery Tue, Nov 22 on $25 of items shipped by AmazonOr fastest delivery Fri, Nov 18|",B09VL3ZGCV,https://m.media-amazon.com/images/I/81nV5izVT0L._AC_UL320_.jpg
2409,https://www.amazon.com/VENALISA-Painting-Starter-Manicure-Professional/dp/B09NNDJCMS/ref=sr_1_56?crid=35T5VYB6CZ4CM&keywords=nail+paint&qid=1668625871&sprefix=nailpaint%2Caps%2C90&sr=8-56,"VENALISA Gel Paint for Nails Art Kit, 6 Colors Mud Solid Gel Nail Polish Set Spring Summer Spider Painting Gel Polish Nail Art Design for Starter Manicure Professional Nail Salon DIY at Home",0.18 Fl Oz (Pack of 6),4.4 out of 5 stars,81,$12.99,"FREE delivery Tue, Nov 22 on $25 of items shipped by AmazonOr fastest delivery Fri, Nov 18|",B09NNDJCMS,https://m.media-amazon.com/images/I/71h9ybhh4EL._AC_UL320_.jpg
2410,https://www.amazon.com/Saviland-Gel-Nail-Polish-Set/dp/B096SLPMJD/ref=sr_1_57?crid=35T5VYB6CZ4CM&keywords=nail+paint&qid=1668625871&sprefix=nailpaint%2Caps%2C90&sr=8-57,Saviland Gel Nail Polish Set - 6 Colors Platinum Glitter Nail Gel Polish Set with Gray Silver Rose Golden Soak off Gel Polish for Nail Art Salon Starter Manicure Kit,0.21 Ounce (Pack of 6),4.3 out of 5 stars,"1,254",$16.99,"FREE delivery Tue, Nov 22 on $25 of items shipped by AmazonOr fastest delivery Fri, Nov 18|",B096SLPMJD,https://m.media-amazon.com/images/I/819QT2H+HJL._AC_UL320_.jpg
2411,https://www.amazon.com/Morovan-Liner-Painted-Nail-Polish/dp/B09D3KN2CH/ref=sr_1_58?crid=35T5VYB6CZ4CM&keywords=nail+paint&qid=1668625871&sprefix=nailpaint%2Caps%2C90&sr=8-58,Morovan Gel Liner Painted Gel Nail Polish Set 12 Colors Gel Liner Nail Art Polish Kit Gel Polish Nail Art Gel Liner Set Champagne Glitter Gold Green Gel Liner Nail Art Painting Gel Salon Home Use,0.33 Fl Oz (Pack of 12),4.4 out of 5 stars,77,$26.99,"FREE delivery Tue, Nov 22 Or fastest delivery Sat, Nov 19|",B09D3KN2CH,https://m.media-amazon.com/images/I/81y3mm++loL._AC_UL320_.jpg
2412,https://www.amazon.com/sspa/click?ie=UTF8&spc=MToxMzIxMzEzNTkwOTM5MDg5OjE2Njg2MjU4NzE6c3BfYnRmOjIwMDA4MzM4NTU2MzU5ODo6MDo6&url=%2FClassical-Collection-Popular-Glitters-Christmas%2Fdp%2FB097K5Y5MD%2Fref%3Dsr_1_59_sspa%3Fcrid%3D35T5VYB6CZ4CM%26keywords%3Dnail%2Bpaint%26qid%3D1668625871%26sprefix%3Dnailpaint%252Caps%252C90%26sr%3D8-59-spons%26sp_csd%3Dd2lkZ2V0TmFtZT1zcF9idGY%26psc%3D1,"Love easy Gel Nail Polish Set- 23 Pcs Christmas Gel Polish Soak Off 8ML Kit with Glossy & Matte Top and Base Coat, Black Glitter White Pink Green Red Blue Collection with Classic Colors All Seasons Gift for Starter Manicure Nail Art Salon",Sponsored,4.2 out of 5 stars,243,$26.99,"FREE delivery Tue, Nov 22 Or fastest delivery Fri, Nov 18|",B097K5Y5MD,https://m.media-amazon.com/images/I/91neV+TRD2L._AC_UL320_.jpg
2413,https://www.amazon.com/sspa/click?ie=UTF8&spc=MToxMzIxMzEzNTkwOTM5MDg5OjE2Njg2MjU4NzE6c3BfYnRmOjIwMDA2NjAwMzM3MjU5ODo6MDo6&url=%2FRARJSM-Holographic-Polish-Manicure-Lasting%2Fdp%2FB09B2BW2TM%2Fref%3Dsr_1_60_sspa%3Fcrid%3D35T5VYB6CZ4CM%26keywords%3Dnail%2Bpaint%26qid%3D1668625871%26sprefix%3Dnailpaint%252Caps%252C90%26sr%3D8-60-spons%26sp_csd%3Dd2lkZ2V0TmFtZT1zcF9idGY%26psc%3D1,RARJSM Nail Art Gel Liner Nude Color 6pcs Set Nude Pink Brown Skin Tone Painting Striping Gel Nail Polish UV LED Curing Requires Soak off 8ml Build in Thin Sharp Brush Home DIY Salon Swirl Nail Design,Sponsored,4.6 out of 5 stars,587,$16.90,"FREE delivery Tue, Nov 22 on $25 of items shipped by AmazonOr fastest delivery Fri, Nov 18|",B09B2BW2TM,https://m.media-amazon.com/images/I/71qSk+oUgsL._AC_UL320_.jpg
2414,https://aax-us-iad.amazon.com/x/c/RPAseMA84ED2Cven_0vlmzgAAAGEgdoyvQEAAAH2AQBOL0EgICAgICAgICAgICBOL0EgICAgICAgICAgICDKJ4QN/https://www.amazon.com/dp/B09ZQ2WBRP?pd_rd_i=B09ZQ2WBRP&pf_rd_p=55defc4a-7c1e-47a7-8d1d-5cc458cca688&pf_rd_r=0DADZBM2H7C23A559DMM&pd_rd_wg=1muIB&pd_rd_w=TqQE7&pd_rd_r=2f52dfb0-6b22-46cb-9ace-e5ee1e3786fa,SXC Cosmetics Gel Liner Nail Art Set of 24 Colors Series Gel Art Paint Polish for Swirl Nails with Built-in Thin Nail Art Brush in Bottle for Soak off Nail Art Painting Drawing Gel designs,Sponsored,4.6 out of 5 stars,357,$29.99,"FREE delivery Tue, Nov 22 Or fastest delivery Fri, Nov 18|",,
2421,https://www.amazon.com/sspa/click?ie=UTF8&spc=MTozODgyMjQ4NzE1OTA3NzI4OjE2Njg2MjU4OTI6c3BfYXRmOjIwMDA3MjUzMzgzMjM5ODo6MDo6&url=%2FKajal-Waterline-Eyeliner-Pencil-Hazel%2Fdp%2FB07SM166KT%2Fref%3Dsr_1_1_sspa%3Fcrid%3D1Y1FEZ82RDIGV%26keywords%3Dkohl%26qid%3D1668625892%26sprefix%3Dkohl%252Caps%252C87%26sr%3D8-1-spons%26sp_csd%3Dd2lkZ2V0TmFtZT1zcF9hdGY%26psc%3D1,"VASANTI Kajal Waterline Eyeliner Pencil - Long-lasting, Waterproof, Smudge-proof, Safe for Sensitive Eyes, Waterline Eye Liner - Opthalmologist Approved and Tested (Hazel Brown)",Sponsored,4.2 out of 5 stars,"3,407",$19.00,"FREE delivery Tue, Nov 22 on $25 of items shipped by AmazonOr fastest delivery Fri, Nov 18||Small Business|Small Business|Small Business|<img alt="""" src=""https://m.media-amazon.com/images/I/111mHoVK0kL._SS200_.png"" height=""50px"" width=""50px""/>  Small Business|<img alt="""" src=""https://m.media-amazon.com/images/I/111mHoVK0kL._SS200_.png"" height=""50px"" width=""50px""/>  Small Business",B07SM166KT,https://m.media-amazon.com/images/I/51Wp14KEnlL._AC_UL320_.jpg|https://m.media-amazon.com/images/I/111mHoVK0kL._SS200_.png|
2422,https://www.amazon.com/Kohls-Gift-Card-50/dp/B07H63P4C9/ref=sr_1_2?crid=1Y1FEZ82RDIGV&keywords=kohl&qid=1668625892&sprefix=kohl%2Caps%2C87&sr=8-2,Kohl's Gift Card,FREE delivery,4.8 out of 5 stars,"6,956",$50.00,FREE delivery,B07H63P4C9,https://m.media-amazon.com/images/I/41m7K68mcHL._AC_UL320_.jpg
2423,https://www.amazon.com/Lotus-Herbals-Natural-Kajal-4gms/dp/B07QPWSG2P/ref=sr_1_3?crid=1Y1FEZ82RDIGV&keywords=kohl&qid=1668625892&sprefix=kohl%2Caps%2C87&sr=8-3,Lotus Herbals Natural Kajal 4gms,0.14 Ounce (Pack of 1),4.2 out of 5 stars,374,$5.62,"FREE delivery Wed, Nov 23 on $25 of items shipped by AmazonOr fastest delivery Sun, Nov 20|",B07QPWSG2P,https://m.media-amazon.com/images/I/41XZCqVrReL._AC_UL320_.jpg
2424,https://www.amazon.com/Rimmel-Soft-Kohl-Eyeliner-Black/dp/B0052Z86C2/ref=sr_1_4?crid=1Y1FEZ82RDIGV&keywords=kohl&qid=1668625892&sprefix=kohl%2Caps%2C87&sr=8-4,Rimmel Soft Kohl Eyeliner Jet Black (Packaging may vary),1 Count (Pack of 1),4.5 out of 5 stars,"1,253",$4.99,"FREE delivery Tue, Nov 22 on $25 of items shipped by AmazonOr fastest delivery Fri, Nov 18|",B0052Z86C2,https://m.media-amazon.com/images/I/410wgsQmsAL._AC_UL320_.jpg
2425,https://www.amazon.com/sspa/click?ie=UTF8&spc=MTo4NjIxMDAxMjI5MTc3NDk4OjE2Njg2MjU4OTI6c3Bfc2VhcmNoX3RoZW1hdGljOjIwMDA4NzY5NjgxMjU5ODo6MDo6&url=%2FArtisan-Luxe-Water-Resistant-Long-Lasting-Cruelty-Free%2Fdp%2FB075RGVCR1%2Fref%3Dsxin_16_pa_sp_search_thematic_sspa%3Fcontent-id%3Damzn1.sym.4e7a2229-074e-44de-95c4-9fd858f46295%253Aamzn1.sym.4e7a2229-074e-44de-95c4-9fd858f46295%26crid%3D1Y1FEZ82RDIGV%26cv_ct_cx%3Dkohl%26keywords%3Dkohl%26pd_rd_i%3DB075RGVCR1%26pd_rd_r%3D573cc91e-3a95-4f73-9efd-f4a80eac37ed%26pd_rd_w%3DPQVcw%26pd_rd_wg%3Doc1Q9%26pf_rd_p%3D4e7a2229-074e-44de-95c4-9fd858f46295%26pf_rd_r%3DGP8AGA41S8DSA5X4F6DW%26qid%3D1668625892%26sprefix%3Dkohl%252Caps%252C87%26sr%3D1-1-a73d1c8c-2fd2-4f19-aa41-2df022bcb241-spons%26sp_csd%3Dd2lkZ2V0TmFtZT1zcF9zZWFyY2hfdGhlbWF0aWM%26psc%3D1,"Artisan L'uxe Beauty Velvet Jumbo Eyeliner Pencil - Smokey Eyes in 3 Minutes - Water-Proof, Smudge-Proof, Long-Lasting - Age-Defying Essential Oils - Midnight (Shade: Black)",1 Count (Pack of 1),4.1 out of 5 stars|4.3 out of 5 stars|4.2 out of 5 stars|4.3 out of 5 stars|4.0 out of 5 stars,"2,493|3,050|3,037|1,413|3,077",$19.99,"Small Business|Small Business|Small Business|<img alt="""" src=""https://m.media-amazon.com/images/I/111mHoVK0kL._SS200_.png"" height=""50px"" width=""50px""/>  Small Business|<img alt="""" src=""https://m.media-amazon.com/images/I/111mHoVK0kL._SS200_.png"" height=""50px"" width=""50px""/>  Small Business|Climate Pledge Friendly|Climate Pledge Friendly|Climate Pledge Friendly|<img alt="""" src=""https://m.media-amazon.com/images/I/216-OX9rBaL._SS200_.png"" height=""50px"" width=""50px""/>  Climate Pledge Friendly|<img alt="""" src=""https://m.media-amazon.com/images/I/216-OX9rBaL._SS200_.png"" height=""50px"" width=""50px""/>  Climate Pledge Friendly|<img alt="""" src=""https://m.media-amazon.com/images/I/31OPjlesFNL._SS200_.png"" height=""50px"" width=""50px""/> EWG Verified|Small Business|Small Business|Small Business|<img alt="""" src=""https://m.media-amazon.com/images/I/111mHoVK0kL._SS200_.png"" height=""50px"" width=""50px""/>  Small Business|<img alt="""" src=""https://m.media-amazon.com/images/I/111mHoVK0kL._SS200_.png"" height=""50px"" width=""50px""/>  Small Business",,https://m.media-amazon.com/images/I/61aVsiaM1CL._AC_UL320_.jpg|https://m.media-amazon.com/images/I/111mHoVK0kL._SS200_.png||https://m.media-amazon.com/images/I/41zGUtZuqbL._AC_UL320_.jpg|https://m.media-amazon.com/images/I/71+8Cc7pToL._AC_UL320_.jpg|https://m.media-amazon.com/images/I/216-OX9rBaL._SS200_.png|||https://m.media-amazon.com/images/I/71CMx0ZFHQL._AC_UL320_.jpg|https://m.media-amazon.com/images/I/111mHoVK0kL._SS200_.png||https://m.media-amazon.com/images/I/51tg6QqJt5L._AC_UL320_.jpg
2426,https://www.amazon.com/sspa/click?ie=UTF8&spc=MTo4NjIxMDAxMjI5MTc3NDk4OjE2Njg2MjU4OTI6c3Bfc2VhcmNoX3RoZW1hdGljOjIwMDA4NzY5NjgxMjU5ODo6MDo6&url=%2FArtisan-Luxe-Water-Resistant-Long-Lasting-Cruelty-Free%2Fdp%2FB075RGVCR1%2Fref%3Dsxin_16_pa_sp_search_thematic_sspa%3Fcontent-id%3Damzn1.sym.4e7a2229-074e-44de-95c4-9fd858f46295%253Aamzn1.sym.4e7a2229-074e-44de-95c4-9fd858f46295%26crid%3D1Y1FEZ82RDIGV%26cv_ct_cx%3Dkohl%26keywords%3Dkohl%26pd_rd_i%3DB075RGVCR1%26pd_rd_r%3D573cc91e-3a95-4f73-9efd-f4a80eac37ed%26pd_rd_w%3DPQVcw%26pd_rd_wg%3Doc1Q9%26pf_rd_p%3D4e7a2229-074e-44de-95c4-9fd858f46295%26pf_rd_r%3DGP8AGA41S8DSA5X4F6DW%26qid%3D1668625892%26sprefix%3Dkohl%252Caps%252C87%26sr%3D1-1-a73d1c8c-2fd2-4f19-aa41-2df022bcb241-spons%26sp_csd%3Dd2lkZ2V0TmFtZT1zcF9zZWFyY2hfdGhlbWF0aWM%26psc%3D1,"Artisan L'uxe Beauty Velvet Jumbo Eyeliner Pencil - Smokey Eyes in 3 Minutes - Water-Proof, Smudge-Proof, Long-Lasting - Age-Defying Essential Oils - Midnight (Shade: Black)",1 Count (Pack of 1),4.1 out of 5 stars,"2,493",$19.99,"Small Business|Small Business|Small Business|<img alt="""" src=""https://m.media-amazon.com/images/I/111mHoVK0kL._SS200_.png"" height=""50px"" width=""50px""/>  Small Business|<img alt="""" src=""https://m.media-amazon.com/images/I/111mHoVK0kL._SS200_.png"" height=""50px"" width=""50px""/>  Small Business",B075RGVCR1,https://m.media-amazon.com/images/I/61aVsiaM1CL._AC_UL320_.jpg|https://m.media-amazon.com/images/I/111mHoVK0kL._SS200_.png|
2427,https://www.amazon.com/sspa/click?ie=UTF8&spc=MTo4NjIxMDAxMjI5MTc3NDk4OjE2Njg2MjU4OTI6c3Bfc2VhcmNoX3RoZW1hdGljOjIwMDAxODEwODM3OTQ2MTo6MTo6&url=%2FAnnabelle-Waterline-Matte-Eyeliner-Beige%2Fdp%2FB073ZGCT1F%2Fref%3Dsxin_16_pa_sp_search_thematic_sspa%3Fcontent-id%3Damzn1.sym.4e7a2229-074e-44de-95c4-9fd858f46295%253Aamzn1.sym.4e7a2229-074e-44de-95c4-9fd858f46295%26crid%3D1Y1FEZ82RDIGV%26cv_ct_cx%3Dkohl%26keywords%3Dkohl%26pd_rd_i%3DB073ZGCT1F%26pd_rd_r%3D573cc91e-3a95-4f73-9efd-f4a80eac37ed%26pd_rd_w%3DPQVcw%26pd_rd_wg%3Doc1Q9%26pf_rd_p%3D4e7a2229-074e-44de-95c4-9fd858f46295%26pf_rd_r%3DGP8AGA41S8DSA5X4F6DW%26qid%3D1668625892%26sprefix%3Dkohl%252Caps%252C87%26sr%3D1-2-a73d1c8c-2fd2-4f19-aa41-2df022bcb241-spons%26sp_csd%3Dd2lkZ2V0TmFtZT1zcF9zZWFyY2hfdGhlbWF0aWM%26psc%3D1,"Annabelle Waterline Matte Kohl Eyeliner, Beige, 1.2 g",1 Count (Pack of 1),4.3 out of 5 stars,"3,050",$11.42,,B073ZGCT1F,https://m.media-amazon.com/images/I/41zGUtZuqbL._AC_UL320_.jpg
2428,https://www.amazon.com/sspa/click?ie=UTF8&spc=MTo4NjIxMDAxMjI5MTc3NDk4OjE2Njg2MjU4OTI6c3Bfc2VhcmNoX3RoZW1hdGljOjIwMDEwNjIwMTYwMzYzMTo6Mjo6&url=%2FAlmay-Longlasting-Waterproof-HighPerforming-EasytoSharpen%2Fdp%2FB08MRZ4RK7%2Fref%3Dsxin_16_pa_sp_search_thematic_sspa%3Fcontent-id%3Damzn1.sym.4e7a2229-074e-44de-95c4-9fd858f46295%253Aamzn1.sym.4e7a2229-074e-44de-95c4-9fd858f46295%26crid%3D1Y1FEZ82RDIGV%26cv_ct_cx%3Dkohl%26keywords%3Dkohl%26pd_rd_i%3DB08MRZ4RK7%26pd_rd_r%3D573cc91e-3a95-4f73-9efd-f4a80eac37ed%26pd_rd_w%3DPQVcw%26pd_rd_wg%3Doc1Q9%26pf_rd_p%3D4e7a2229-074e-44de-95c4-9fd858f46295%26pf_rd_r%3DGP8AGA41S8DSA5X4F6DW%26qid%3D1668625892%26sprefix%3Dkohl%252Caps%252C87%26sr%3D1-3-a73d1c8c-2fd2-4f19-aa41-2df022bcb241-spons%26sp_csd%3Dd2lkZ2V0TmFtZT1zcF9zZWFyY2hfdGhlbWF0aWM%26psc%3D1,"Gel Eyeliner by Almay, Waterproof, Fade-Proof Eye Makeup, Easy-to-Sharpen Liner Pencil, 140 Deep Chestnut, 0.045 Oz",1 Count (Pack of 1),4.2 out of 5 stars,"3,037",$6.39,"Climate Pledge Friendly|Climate Pledge Friendly|Climate Pledge Friendly|<img alt="""" src=""https://m.media-amazon.com/images/I/216-OX9rBaL._SS200_.png"" height=""50px"" width=""50px""/>  Climate Pledge Friendly|<img alt="""" src=""https://m.media-amazon.com/images/I/216-OX9rBaL._SS200_.png"" height=""50px"" width=""50px""/>  Climate Pledge Friendly|<img alt="""" src=""https://m.media-amazon.com/images/I/31OPjlesFNL._SS200_.png"" height=""50px"" width=""50px""/> EWG Verified",B08MRZ4RK7,https://m.media-amazon.com/images/I/71+8Cc7pToL._AC_UL320_.jpg|https://m.media-amazon.com/images/I/216-OX9rBaL._SS200_.png||
2429,https://www.amazon.com/sspa/click?ie=UTF8&spc=MTo4NjIxMDAxMjI5MTc3NDk4OjE2Njg2MjU4OTI6c3Bfc2VhcmNoX3RoZW1hdGljOjIwMDA5MTk0MzY3MTE1MTo6Mzo6&url=%2FLAURA-GELLER-NEW-YORK-Longwear%2Fdp%2FB086FXJ2MV%2Fref%3Dsxin_16_pa_sp_search_thematic_sspa%3Fcontent-id%3Damzn1.sym.4e7a2229-074e-44de-95c4-9fd858f46295%253Aamzn1.sym.4e7a2229-074e-44de-95c4-9fd858f46295%26crid%3D1Y1FEZ82RDIGV%26cv_ct_cx%3Dkohl%26keywords%3Dkohl%26pd_rd_i%3DB086FXJ2MV%26pd_rd_r%3D573cc91e-3a95-4f73-9efd-f4a80eac37ed%26pd_rd_w%3DPQVcw%26pd_rd_wg%3Doc1Q9%26pf_rd_p%3D4e7a2229-074e-44de-95c4-9fd858f46295%26pf_rd_r%3DGP8AGA41S8DSA5X4F6DW%26qid%3D1668625892%26sprefix%3Dkohl%252Caps%252C87%26sr%3D1-4-a73d1c8c-2fd2-4f19-aa41-2df022bcb241-spons%26sp_csd%3Dd2lkZ2V0TmFtZT1zcF9zZWFyY2hfdGhlbWF0aWM%26psc%3D1%26smid%3DA107LV0WKN7KME,"LAURA GELLER NEW YORK Kajal Longwear Kohl Eyeliner Pencil with Caffeine, Smooth & Blendable Makeup, Deep Charcoal",1 Count (Pack of 1),4.3 out of 5 stars,"1,413",$18.50,"Small Business|Small Business|Small Business|<img alt="""" src=""https://m.media-amazon.com/images/I/111mHoVK0kL._SS200_.png"" height=""50px"" width=""50px""/>  Small Business|<img alt="""" src=""https://m.media-amazon.com/images/I/111mHoVK0kL._SS200_.png"" height=""50px"" width=""50px""/>  Small Business",B086FXJ2MV,https://m.media-amazon.com/images/I/71CMx0ZFHQL._AC_UL320_.jpg|https://m.media-amazon.com/images/I/111mHoVK0kL._SS200_.png|
2430,https://www.amazon.com/sspa/click?ie=UTF8&spc=MTo4NjIxMDAxMjI5MTc3NDk4OjE2Njg2MjU4OTI6c3Bfc2VhcmNoX3RoZW1hdGljOjIwMDA5NzEyNzEyMzU5ODo6NDo6&url=%2FWet-Wild-Megaliner-Liquid-Eyeliner%2Fdp%2FB01D8BUHN2%2Fref%3Dsxin_16_pa_sp_search_thematic_sspa%3Fcontent-id%3Damzn1.sym.4e7a2229-074e-44de-95c4-9fd858f46295%253Aamzn1.sym.4e7a2229-074e-44de-95c4-9fd858f46295%26crid%3D1Y1FEZ82RDIGV%26cv_ct_cx%3Dkohl%26keywords%3Dkohl%26pd_rd_i%3DB01D8BUHN2%26pd_rd_r%3D573cc91e-3a95-4f73-9efd-f4a80eac37ed%26pd_rd_w%3DPQVcw%26pd_rd_wg%3Doc1Q9%26pf_rd_p%3D4e7a2229-074e-44de-95c4-9fd858f46295%26pf_rd_r%3DGP8AGA41S8DSA5X4F6DW%26qid%3D1668625892%26sprefix%3Dkohl%252Caps%252C87%26sr%3D1-5-a73d1c8c-2fd2-4f19-aa41-2df022bcb241-spons%26sp_csd%3Dd2lkZ2V0TmFtZT1zcF9zZWFyY2hfdGhlbWF0aWM%26psc%3D1,Wet n Wild MegaLiner Liquid Eyeliner Black Black,1 Count (Pack of 1),4.0 out of 5 stars,"3,077",$3.18,,B01D8BUHN2,https://m.media-amazon.com/images/I/51tg6QqJt5L._AC_UL320_.jpg
2432,https://www.amazon.com/LOreal-Intensity-Pigments-Eyeliner-Black/dp/B009R43XRC/ref=sr_1_5?crid=1Y1FEZ82RDIGV&keywords=kohl&qid=1668625892&sprefix=kohl%2Caps%2C87&sr=8-5,"L'Oreal HiP High Intensity Pigments Kohl Eyeliner, Black Kohl 903 - 0.04 oz (1.2 g) 1 Pack",0.04 Ounce (Pack of 1),3.6 out of 5 stars,22,$19.95,"FREE delivery Tue, Nov 22",B009R43XRC,https://m.media-amazon.com/images/I/31CaNo88HwL._AC_UL320_.jpg
2433,https://www.amazon.com/RIMMEL-LONDON-Ultimate-Kajal-Eyeliner/dp/B07BQV7ZK1/ref=sr_1_6?crid=1Y1FEZ82RDIGV&keywords=kohl&qid=1668625892&sprefix=kohl%2Caps%2C87&sr=8-6,Rimmel London Ultimate Kohl Kajal Waterproof Eyeliner - 003 Smoked Emerald Eyeliner Women 0.06 oz,"FREE delivery Tue, Nov 22 on $25 of items shipped by AmazonOr fastest delivery Sat, Nov 19",4.1 out of 5 stars,235,$4.75,"FREE delivery Tue, Nov 22 on $25 of items shipped by AmazonOr fastest delivery Sat, Nov 19|",B07BQV7ZK1,https://m.media-amazon.com/images/I/61jYhBHh5UL._AC_UL320_.jpg
2434,https://www.amazon.com/SHERIFAIN-Eyeliner-Shadow-Arabian-Moroccan/dp/B0BFDVC54D/ref=sr_1_7?crid=1Y1FEZ82RDIGV&keywords=kohl&qid=1668625892&sprefix=kohl%2Caps%2C87&sr=8-7,5 pcs Kohl Al SHERIFAIN NEW Kohl Black Eyeliner Shadow Powder Arabian Kajal Moroccan Beauty AL SHERIFAIN - 5 Pcs × 8 gm / 0.3 oz,($12.76/Ounce),5.0 out of 5 stars,1,$18.00,$19.54 delivery Dec 9 - 30,B0BFDVC54D,https://m.media-amazon.com/images/I/71oqmsuPhBL._AC_UL320_.jpg
2435,https://www.amazon.com/LOreal-HiP-Kohl-Liner-Paris/dp/B002ISZ0CK/ref=sr_1_8?crid=1Y1FEZ82RDIGV&keywords=kohl&qid=1668625892&sprefix=kohl%2Caps%2C87&sr=8-8,L'Oreal HiP Kohl Liner - Navy by L'Oreal Paris,1 Count (Pack of 1),4.1 out of 5 stars,58,$12.95,FREE delivery Nov 22 - 23,B002ISZ0CK,https://m.media-amazon.com/images/I/31br8qzGxWL._AC_UL320_.jpg
2436,https://www.amazon.com/Rimmel-Scandaleyes-Waterproof-Kajal-Liner/dp/B00DNK5W7K/ref=sr_1_9?crid=1Y1FEZ82RDIGV&keywords=kohl&qid=1668625892&sprefix=kohl%2Caps%2C87&sr=8-9,"Rimmel Scandaleyes Waterproof Kohl Kajal Liner, Brown, 0.04 Fluid Ounce (Pack of 1)",1 Count (Pack of 1),4.3 out of 5 stars,"26,761",$3.99,"FREE delivery Tue, Nov 22 on $25 of items shipped by AmazonOr fastest delivery Fri, Nov 18|",B00DNK5W7K,https://m.media-amazon.com/images/I/61o7imZX4eL._AC_UL320_.jpg
2437,https://www.amazon.com/COVERGIRL-Exhibitionist-24-Hour-Eyeliner-Charcoal/dp/B07YX75R4Z/ref=sr_1_10?crid=1Y1FEZ82RDIGV&keywords=kohl&qid=1668625892&sprefix=kohl%2Caps%2C87&sr=8-10,"COVERGIRL Exhibitionist 24-Hour Kohl Eyeliner, Charcoal, 0.04 Ounce",0.04 Ounce (Pack of 1),4.2 out of 5 stars,238,$6.59,"FREE delivery Tue, Nov 22 on $25 of items shipped by AmazonOr fastest delivery Sat, Nov 19|",B07YX75R4Z,https://m.media-amazon.com/images/I/61Jkz0WSmKL._AC_UL320_.jpg
2438,https://aax-us-iad.amazon.com/x/c/RMMNNHrHD0zCU1riO1ktpjIAAAGEgdqFbgEAAAH2AQBOL0EgICAgICAgICAgICBOL0EgICAgICAgICAgICAWJJez/https://www.amazon.com/dp/B075RGVCR1?pd_rd_i=B075RGVCR1&pf_rd_p=b000e0a0-9e93-480f-bf78-a83c8136dfcb&pf_rd_r=GP8AGA41S8DSA5X4F6DW&pd_rd_wg=oc1Q9&pd_rd_w=FvkUC&pd_rd_r=573cc91e-3a95-4f73-9efd-f4a80eac37ed,"Artisan L'uxe Beauty Velvet Jumbo Eyeliner Pencil - Smokey Eyes in 3 Minutes - Water-Proof, Smudge-Proof, Long-Lasting - Age-Defying Essential Oils - Midnight (Shade: Black)",Sponsored,4.1 out of 5 stars,"2,493",$19.99,"FREE delivery Tue, Nov 22 on $25 of items shipped by AmazonOr fastest delivery Fri, Nov 18|",,
2439,https://www.amazon.com/Rimmel-Soft-Kohl-Eyeliner-Black/dp/B0052Z86C2/ref=sxin_25_ac_d_hl?ac_md=1-0-T3ZlcmFsbCBDaG9pY2U%3D-ac_d_hl_hl_ac&content-id=amzn1.sym.3663916c-38f6-4d73-9801-2e9551111db6%3Aamzn1.sym.3663916c-38f6-4d73-9801-2e9551111db6&crid=1Y1FEZ82RDIGV&cv_ct_cx=kohl&keywords=kohl&pd_rd_i=B0052Z86C2&pd_rd_r=573cc91e-3a95-4f73-9efd-f4a80eac37ed&pd_rd_w=ID4vp&pd_rd_wg=oc1Q9&pf_rd_p=3663916c-38f6-4d73-9801-2e9551111db6&pf_rd_r=GP8AGA41S8DSA5X4F6DW&psc=1&qid=1668625892&sprefix=kohl%2Caps%2C87&sr=1-1-25fd44b4-555a-4528-b40c-891e95133f20,Rimmel Soft Kohl Eyeliner Jet Black (Packaging may vary),1 Count (Pack of 1),4.5 out of 5 stars|4.1 out of 5 stars|4.8 out of 5 stars|4.3 out of 5 stars,"1,253|383|6,956|3,050",$4.99,,,https://m.media-amazon.com/images/I/410wgsQmsAL._AC_UL320_.jpg|https://m.media-amazon.com/images/I/61uiOyCfMHL._AC_UL320_.jpg|https://m.media-amazon.com/images/I/41eoOaqBlmL._AC_UL320_.jpg|https://m.media-amazon.com/images/I/51fYx9dIYbL._AC_UL320_.jpg
2441,https://www.amazon.com/Wet-Wild-Pencil-Neutral-Mornin/dp/B00WVN5Q2G/ref=sr_1_11?crid=1Y1FEZ82RDIGV&keywords=kohl&qid=1668625892&sprefix=kohl%2Caps%2C87&sr=8-11,Wet n Wild Color Icon Kohl Eyeliner Pencil Neutral Taupe of the Mornin',1 Count (Pack of 1),4.4 out of 5 stars,"1,157",$1.19,"FREE delivery Tue, Nov 22 on $25 of items shipped by AmazonOr fastest delivery Fri, Nov 18|",B00WVN5Q2G,https://m.media-amazon.com/images/I/61hEfj2c3tL._AC_UL320_.jpg
2442,https://www.amazon.com/Smashbox-Always-Sharp-Waterproof-0-01Oz/dp/B00NFG7090/ref=sr_1_12?crid=1Y1FEZ82RDIGV&keywords=kohl&qid=1668625892&sprefix=kohl%2Caps%2C87&sr=8-12,"Smashbox Always Sharp Waterproof Kohl Eye Liner # Penny Lane, 0.01 Ounce",0.01 Ounce (Pack of 1),4.5 out of 5 stars,190,$22.21,"FREE delivery Tue, Nov 22 on $25 of items shipped by AmazonOr fastest delivery Fri, Nov 18|",B00NFG7090,https://m.media-amazon.com/images/I/61saIPQsVZL._AC_UL320_.jpg
2443,https://www.amazon.com/SUGAR-Cosmetics-Honour-Intense-Kajal/dp/B07D4CGLK7/ref=sr_1_13?crid=1Y1FEZ82RDIGV&keywords=kohl&qid=1668625892&sprefix=kohl%2Caps%2C87&sr=8-13,"Sugar Cosmetics Kohl Of Honour Intense Kajal01 Black Out (Black)Longlasting formula, Lightweight",1 Count (Pack of 1),4.7 out of 5 stars,"1,902",$9.98,"FREE delivery Tue, Nov 22 on $25 of items shipped by AmazonOr fastest delivery Sat, Nov 19|",B07D4CGLK7,https://m.media-amazon.com/images/I/61sYGAatamL._AC_UL320_.jpg
2444,https://www.amazon.com/HAUS-LABORATORIES-Lady-Gaga-EYE-DENTIFY/dp/B08FBSZD97/ref=sr_1_14?crid=1Y1FEZ82RDIGV&keywords=kohl&qid=1668625892&sprefix=kohl%2Caps%2C87&sr=8-14,"HAUS LABORATORIES by Lady Gaga: EYE-DENTIFY GEL KOHL EYELINER, Punk",1 Count (Pack of 1),4.2 out of 5 stars,"1,653",$15.64,"FREE delivery Tue, Nov 22 on $25 of items shipped by AmazonOr fastest delivery Fri, Nov 18|",B08FBSZD97,https://m.media-amazon.com/images/I/51prHyLBQgL._AC_UL320_.jpg
2445,https://www.amazon.com/Estee-Lauder-Infinite-Waterproof-Eyeliner/dp/B018URIW8Q/ref=sr_1_15_mod_primary_new?crid=1Y1FEZ82RDIGV&keywords=kohl&qid=1668625892&sbo=RZvfv%2F%2FHxDF%2BO5021pAnSA%3D%3D&sprefix=kohl%2Caps%2C87&sr=8-15,"Estee Lauder Double Wear Infinite Women's Waterproof Eyeliner, Kohl Noir, 0.01 Ounce",0.01 Ounce (Pack of 1),4.5 out of 5 stars,"127|Another way to buy|$10.99$10.99 ($1,099.00/Ounce) $24.00$24.00|$10.99$10.99 ($1,099.00/Ounce) $24.00$24.00|($1,099.00/Ounce)|FREE delivery Tue, Nov 22 on $25 of items shipped by AmazonOr fastest delivery Fri, Nov 18",$9.95,"FREE delivery Nov 21 - 23 Or fastest delivery Mon, Nov 21|FREE delivery Tue, Nov 22 on $25 of items shipped by AmazonOr fastest delivery Fri, Nov 18|",B018URIW8Q,https://m.media-amazon.com/images/I/51+AoB3ECWL._AC_UL320_.jpg
2446,https://www.amazon.com/Annabelle-Waterline-Matte-Eyeliner-Blackest/dp/B073ZG6QB9/ref=sr_1_16?crid=1Y1FEZ82RDIGV&keywords=kohl&qid=1668625892&sprefix=kohl%2Caps%2C87&sr=8-16,"Annabelle Waterline Matte Kohl Eyeliner, Blackest Black",0.04 Ounce (Pack of 1),4.3 out of 5 stars,"3,050",$10.63,"FREE delivery Tue, Nov 22 on $25 of items shipped by AmazonOr fastest delivery Fri, Nov 18|",B073ZG6QB9,https://m.media-amazon.com/images/I/51fYx9dIYbL._AC_UL320_.jpg
2447,https://www.amazon.com/sspa/click?ie=UTF8&spc=MTozODgyMjQ4NzE1OTA3NzI4OjE2Njg2MjU4OTI6c3BfbXRmOjIwMDAzMzY0OTQzMjg5ODo6MDo6&url=%2FPerfect-Memorials-Cloisonne-Keepsake-Cremation%2Fdp%2FB00IAAXAJA%2Fref%3Dsr_1_17_sspa%3Fcrid%3D1Y1FEZ82RDIGV%26keywords%3Dkohl%26qid%3D1668625892%26sprefix%3Dkohl%252Caps%252C87%26sr%3D8-17-spons%26sp_csd%3Dd2lkZ2V0TmFtZT1zcF9tdGY%26psc%3D1,Perfect Memorials Emerald Blossom Cloisonne Keepsake Cremation Urn,Sponsored,3.7 out of 5 stars,2,$55.95,"$7.01 delivery Nov 22 - 25|Small Business|Small Business|Small Business|<img alt="""" src=""https://m.media-amazon.com/images/I/111mHoVK0kL._SS200_.png"" height=""50px"" width=""50px""/>  Small Business|<img alt="""" src=""https://m.media-amazon.com/images/I/111mHoVK0kL._SS200_.png"" height=""50px"" width=""50px""/>  Small Business",B00IAAXAJA,https://m.media-amazon.com/images/I/31JOWWbEAlL._AC_UL320_.jpg|https://m.media-amazon.com/images/I/111mHoVK0kL._SS200_.png|
2448,https://www.amazon.com/sspa/click?ie=UTF8&spc=MTozODgyMjQ4NzE1OTA3NzI4OjE2Njg2MjU4OTI6c3BfbXRmOjIwMDA5NzY5ODg5ODA5ODo6MDo6&url=%2FPerfect-Memorials-Silver-Victorian-Matching%2Fdp%2FB07FTTK5MC%2Fref%3Dsr_1_18_sspa%3Fcrid%3D1Y1FEZ82RDIGV%26keywords%3Dkohl%26qid%3D1668625892%26sprefix%3Dkohl%252Caps%252C87%26sr%3D8-18-spons%26sp_csd%3Dd2lkZ2V0TmFtZT1zcF9tdGY%26psc%3D1%26smid%3DA14QKAMYBK5S4T,Perfect Memorials Silver Victorian Tear Bottle a 2 Inch Tear Bottle/Beautiful Condolence Gift/Miniature Blue Silver Bottle with Silicone Lid/Meaningful Mourning Tradition,Sponsored,4.3 out of 5 stars,39,$46.11,"FREE delivery Tue, Nov 22 Or fastest delivery Sat, Nov 19||Small Business|Small Business|Small Business|<img alt="""" src=""https://m.media-amazon.com/images/I/111mHoVK0kL._SS200_.png"" height=""50px"" width=""50px""/>  Small Business|<img alt="""" src=""https://m.media-amazon.com/images/I/111mHoVK0kL._SS200_.png"" height=""50px"" width=""50px""/>  Small Business",B07FTTK5MC,https://m.media-amazon.com/images/I/51p12-I5OAL._AC_UL320_.jpg|https://m.media-amazon.com/images/I/111mHoVK0kL._SS200_.png|
2449,https://www.amazon.com/sspa/click?ie=UTF8&spc=MTozODgyMjQ4NzE1OTA3NzI4OjE2Njg2MjU4OTI6c3BfbXRmOjIwMDAyNTcwNDU3MDE5ODo6MDo6&url=%2FLotus-Herbals-Natural-Kajal-4gms%2Fdp%2FB07QPWSG2P%2Fref%3Dsr_1_19_sspa%3Fcrid%3D1Y1FEZ82RDIGV%26keywords%3Dkohl%26qid%3D1668625892%26sprefix%3Dkohl%252Caps%252C87%26sr%3D8-19-spons%26sp_csd%3Dd2lkZ2V0TmFtZT1zcF9tdGY%26psc%3D1%26smid%3DA1AM8YNGB4SMPC,Lotus Herbals Natural Kajal 4gms,Sponsored,4.2 out of 5 stars,374,$5.62,"FREE delivery Wed, Nov 23 on $25 of items shipped by AmazonOr fastest delivery Sun, Nov 20|",B07QPWSG2P,https://m.media-amazon.com/images/I/41XZCqVrReL._AC_UL320_.jpg
2450,https://www.amazon.com/sspa/click?ie=UTF8&spc=MTozODgyMjQ4NzE1OTA3NzI4OjE2Njg2MjU4OTI6c3BfbXRmOjIwMDAzMzY0NTIzMjE5ODo6MDo6&url=%2FPerfect-Memorials-Stainless-Cremation-Jewelry%2Fdp%2FB00U09ER14%2Fref%3Dsr_1_20_sspa%3Fcrid%3D1Y1FEZ82RDIGV%26keywords%3Dkohl%26qid%3D1668625892%26sprefix%3Dkohl%252Caps%252C87%26sr%3D8-20-spons%26sp_csd%3Dd2lkZ2V0TmFtZT1zcF9tdGY%26psc%3D1,Perfect Memorials Flower Patch Heart Stainless Steel Cremation Jewelry,Sponsored,4.3 out of 5 stars,23,$29.95,"$7.10 delivery Nov 22 - 25|Small Business|Small Business|Small Business|<img alt="""" src=""https://m.media-amazon.com/images/I/111mHoVK0kL._SS200_.png"" height=""50px"" width=""50px""/>  Small Business|<img alt="""" src=""https://m.media-amazon.com/images/I/111mHoVK0kL._SS200_.png"" height=""50px"" width=""50px""/>  Small Business",B00U09ER14,https://m.media-amazon.com/images/I/51pEWEXQsfL._AC_UL320_.jpg|https://m.media-amazon.com/images/I/111mHoVK0kL._SS200_.png|
2451,https://www.amazon.com/Rimmel-Ultimate-Impermeabile-Kajal-Liner/dp/B079L18WTW/ref=sr_1_21_mod_primary_new?crid=1Y1FEZ82RDIGV&keywords=kohl&qid=1668625892&sbo=RZvfv%2F%2FHxDF%2BO5021pAnSA%3D%3D&sprefix=kohl%2Caps%2C87&sr=8-21,Rimmel 24hr Ultimate Impermeabile Kohl Kajal Liner,1 Count (Pack of 1),4.2 out of 5 stars,"633|Another way to buy|$15.97$15.97 ($15.97/Count)|$15.97$15.97 ($15.97/Count)|($15.97/Count)|FREE delivery Tue, Nov 22 on $25 of items shipped by AmazonOr fastest delivery Sat, Nov 19|Only 7 left in stock - order soon.|Only 7 left in stock - order soon.",$14.95,"FREE delivery Wed, Nov 23 Or fastest delivery Sat, Nov 19|FREE delivery Tue, Nov 22 on $25 of items shipped by AmazonOr fastest delivery Sat, Nov 19|",B079L18WTW,https://m.media-amazon.com/images/I/51xK1BzBZsL._AC_UL320_.jpg
2452,https://www.amazon.com/Eye-Makeup-MAC-Kohl-PRUNELLA/dp/B00C4VK6TI/ref=sr_1_22?crid=1Y1FEZ82RDIGV&keywords=kohl&qid=1668625892&sprefix=kohl%2Caps%2C87&sr=8-22,"MAC Eye Makeup Eye Kohl, Prunella",1 Count (Pack of 1),4.5 out of 5 stars,75,$15.29,"FREE delivery Tue, Nov 22 on $25 of items shipped by AmazonOr fastest delivery Fri, Nov 18|",B00C4VK6TI,https://m.media-amazon.com/images/I/51Xcc32I54L._AC_UL320_.jpg
2453,https://www.amazon.com/MAC-Eye-Kohl-Smolder-Black/dp/5652223626/ref=sr_1_23?crid=1Y1FEZ82RDIGV&keywords=kohl&qid=1668625892&sprefix=kohl%2Caps%2C87&sr=8-23,Mac Eye Kohl Eyeliner-Smolder 1.36 g / 0.04 oz,0.05 Ounce (Pack of 1),4.4 out of 5 stars,378,$18.97,"FREE delivery Wed, Nov 23 on $25 of items shipped by AmazonOr fastest delivery Fri, Nov 18|",5652223626,https://m.media-amazon.com/images/I/51ui0lbrFML._AC_UL320_.jpg
2454,https://www.amazon.com/Physicians-Formula-Argan-Ultra-nourishing-Eyeliner/dp/B07C9KZTXP/ref=sr_1_24?crid=1Y1FEZ82RDIGV&keywords=kohl&qid=1668625892&sprefix=kohl%2Caps%2C87&sr=8-24,"Physicians Formula Argan Wear Ultra-nourishing Argan Oil Kohl Kajal Eyeliner, Ultra Black, 0.09 Ounce",1 Count (Pack of 1),4.0 out of 5 stars,173,$21.99,"FREE delivery Fri, Nov 25",B07C9KZTXP,https://m.media-amazon.com/images/I/61xtFltAGbL._AC_UL320_.jpg
2455,https://www.amazon.com/LAURA-GELLER-NEW-YORK-Longwear/dp/B086FXJ2MV/ref=sr_1_25?crid=1Y1FEZ82RDIGV&keywords=kohl&qid=1668625892&sprefix=kohl%2Caps%2C87&sr=8-25,"LAURA GELLER NEW YORK Kajal Longwear Kohl Eyeliner Pencil with Caffeine, Smooth & Blendable Makeup, Deep Charcoal",1 Count (Pack of 1),4.3 out of 5 stars,"1,413",$18.50,"FREE delivery Tue, Nov 22 on $25 of items shipped by AmazonOr fastest delivery Fri, Nov 18||Small Business|Small Business|Small Business|<img alt="""" src=""https://m.media-amazon.com/images/I/111mHoVK0kL._SS200_.png"" height=""50px"" width=""50px""/>  Small Business|<img alt="""" src=""https://m.media-amazon.com/images/I/111mHoVK0kL._SS200_.png"" height=""50px"" width=""50px""/>  Small Business",B086FXJ2MV,https://m.media-amazon.com/images/I/71CMx0ZFHQL._AC_UL320_.jpg|https://m.media-amazon.com/images/I/111mHoVK0kL._SS200_.png|
2456,https://www.amazon.com/Rimmel-Ultimate-Kajal-Eyeliner-Obsidian/dp/B079FJR3FR/ref=sr_1_26?crid=1Y1FEZ82RDIGV&keywords=kohl&qid=1668625892&sprefix=kohl%2Caps%2C87&sr=8-26,Rimmel London Ultimate Kohl Kajal Waterproof Eyeliner - 001 Black Obsidian Eyeliner Women 0.04 oz,0.81 Ounce (Pack of 1),4.2 out of 5 stars,542,$9.25,"FREE delivery Wed, Nov 23 Or fastest delivery Sat, Nov 19",B079FJR3FR,https://m.media-amazon.com/images/I/61CmPGjaoPL._AC_UL320_.jpg
2457,https://www.amazon.com/LAURA-GELLER-NEW-YORK-Longwear/dp/B086FV2Y7T/ref=sr_1_27?crid=1Y1FEZ82RDIGV&keywords=kohl&qid=1668625892&sprefix=kohl%2Caps%2C87&sr=8-27,"LAURA GELLER NEW YORK Kajal Longwear Kohl Eyeliner Pencil with Caffeine, Smooth & Blendable Makeup, Deep Black",1 Count (Pack of 1),4.3 out of 5 stars,"1,413",$20.85,"FREE delivery Tue, Nov 22 on $25 of items shipped by AmazonOr fastest delivery Fri, Nov 18||Small Business|Small Business|Small Business|<img alt="""" src=""https://m.media-amazon.com/images/I/111mHoVK0kL._SS200_.png"" height=""50px"" width=""50px""/>  Small Business|<img alt="""" src=""https://m.media-amazon.com/images/I/111mHoVK0kL._SS200_.png"" height=""50px"" width=""50px""/>  Small Business",B086FV2Y7T,https://m.media-amazon.com/images/I/61S3U1PZRVL._AC_UL320_.jpg|https://m.media-amazon.com/images/I/111mHoVK0kL._SS200_.png|
2458,https://www.amazon.com/Rimmel-London-Soft-Kohl-Eyeliner/dp/B000P20JWW/ref=sr_1_28?crid=1Y1FEZ82RDIGV&keywords=kohl&qid=1668625892&sprefix=kohl%2Caps%2C87&sr=8-28,Rimmel London Soft Kohl Eyeliner - Pure White,1 Count (Pack of 1),4.4 out of 5 stars,"1,304",$8.80,"FREE delivery Mon, Nov 28 on $25 of items shipped by AmazonOr fastest delivery Sat, Nov 19|",B000P20JWW,https://m.media-amazon.com/images/I/4199UUxZsSS._AC_UL320_.jpg
2459,https://www.amazon.com/MAC-Eye-Kohl-M-C/dp/B01NAQ75I9/ref=sr_1_29?crid=1Y1FEZ82RDIGV&keywords=kohl&qid=1668625892&sprefix=kohl%2Caps%2C87&sr=8-29,MAC Eye Kohl - Teddy - 1.45g/0.05oz by M.A.C,1 Count (Pack of 1),4.6 out of 5 stars,126,$20.08,"FREE delivery Tue, Nov 22 on $25 of items shipped by AmazonOr fastest delivery Fri, Nov 18|",B01NAQ75I9,https://m.media-amazon.com/images/I/51B1lwRR50L._AC_UL320_.jpg
2460,https://www.amazon.com/wet-wild-Color-Liner-Pencil/dp/B00WT1QGCO/ref=sr_1_30?crid=1Y1FEZ82RDIGV&keywords=kohl&qid=1668625892&sprefix=kohl%2Caps%2C87&sr=8-30,Wet n Wild Color Icon Kohl Eyeliner Pencil Baby's Got Black,1 Count (Pack of 1),4.5 out of 5 stars,"4,492",$0.99,"FREE delivery Tue, Nov 22 on $25 of items shipped by AmazonOr fastest delivery Fri, Nov 18|",B00WT1QGCO,https://m.media-amazon.com/images/I/71q8o5UG0PL._AC_UL320_.jpg
2461,https://www.amazon.com/Neutrogena-Eyeliner-Antioxidant-Water-Resistant-Smooth-Gliding/dp/B07JCLF4C7/ref=sr_1_31?crid=1Y1FEZ82RDIGV&keywords=kohl&qid=1668625892&sprefix=kohl%2Caps%2C87&sr=8-31,"Neutrogena Smokey Kohl Eyeliner with Antioxidant Vitamin E, Water-Resistant & Smooth-Gliding Eyeliner Makeup, Jet Black, 0.014 oz",1 Count (Pack of 1),4.5 out of 5 stars,"3,125",,,B07JCLF4C7,https://m.media-amazon.com/images/I/71BJfQ9CWgL._AC_UL320_.jpg
2462,https://www.amazon.com/Jillian-Dempsey-Natural-Eyeliner-Black/dp/B00NJX1CZM/ref=sr_1_32?crid=1Y1FEZ82RDIGV&keywords=kohl&qid=1668625892&sprefix=kohl%2Caps%2C87&sr=8-32,"Jillian Dempsey Khôl Eyeliner: Natural, Waterproof Eyeliner Pencil with Built-in Smudger and Long-Lasting Color I Jet Black",1 Count (Pack of 1),4.1 out of 5 stars,383,$20.00,"FREE delivery Tue, Nov 22 on $25 of items shipped by AmazonOr fastest delivery Fri, Nov 18|",B00NJX1CZM,https://m.media-amazon.com/images/I/61uiOyCfMHL._AC_UL320_.jpg
2463,https://www.amazon.com/sspa/click?ie=UTF8&spc=MTozODgyMjQ4NzE1OTA3NzI4OjE2Njg2MjU4OTI6c3BfbXRmOjIwMDA2NzY0NDgwNTk5ODo6MDo6&url=%2FMISS-ROSE-Waterproof-Eye-liner-Eye-liners%2Fdp%2FB09D3MLMLZ%2Fref%3Dsr_1_33_sspa%3Fcrid%3D1Y1FEZ82RDIGV%26keywords%3Dkohl%26qid%3D1668625892%26sprefix%3Dkohl%252Caps%252C87%26sr%3D8-33-spons%26sp_csd%3Dd2lkZ2V0TmFtZT1zcF9tdGY%26psc%3D1,"MISS ROSE M Black Gel Eyeliner,Cream Eyeliner Tool Smudge Proof Eyeliner Pencil,Matte Black Eye-liner Pencil Tattoo Eyeliner Pen, Eyeliner Gel Stick Makeup Eye-liners for Women Girls (Black)",Sponsored,3.9 out of 5 stars,756,$5.99,"FREE delivery Tue, Nov 22 on $25 of items shipped by AmazonOr fastest delivery Sat, Nov 19|",B09D3MLMLZ,https://m.media-amazon.com/images/I/61zBxEYvtWL._AC_UL320_.jpg
2464,https://www.amazon.com/sspa/click?ie=UTF8&spc=MTozODgyMjQ4NzE1OTA3NzI4OjE2Njg2MjU4OTI6c3BfbXRmOjIwMDAzMzYzNTI3OTc5ODo6MDo6&url=%2FPerfect-Memorials-Diamond-Stainless-Cremation%2Fdp%2FB008PX19T0%2Fref%3Dsr_1_34_sspa%3Fcrid%3D1Y1FEZ82RDIGV%26keywords%3Dkohl%26qid%3D1668625892%26sprefix%3Dkohl%252Caps%252C87%26sr%3D8-34-spons%26sp_csd%3Dd2lkZ2V0TmFtZT1zcF9tdGY%26psc%3D1,Perfect Memorials Hold My Heart Cremation Jewelry,Sponsored,4.4 out of 5 stars,214,$29.95,"$7.11 delivery Nov 22 - 25|Small Business|Small Business|Small Business|<img alt="""" src=""https://m.media-amazon.com/images/I/111mHoVK0kL._SS200_.png"" height=""50px"" width=""50px""/>  Small Business|<img alt="""" src=""https://m.media-amazon.com/images/I/111mHoVK0kL._SS200_.png"" height=""50px"" width=""50px""/>  Small Business",B008PX19T0,https://m.media-amazon.com/images/I/41IIgavMrlL._AC_UL320_.jpg|https://m.media-amazon.com/images/I/111mHoVK0kL._SS200_.png|
2465,https://www.amazon.com/sspa/click?ie=UTF8&spc=MTozODgyMjQ4NzE1OTA3NzI4OjE2Njg2MjU4OTI6c3BfbXRmOjIwMDA1NDg5NDI5NDc5ODo6MDo6&url=%2FFull-Size-Sheet-Set-Breathable%2Fdp%2FB06X9FB723%2Fref%3Dsr_1_35_sspa%3Fcrid%3D1Y1FEZ82RDIGV%26keywords%3Dkohl%26qid%3D1668625892%26sprefix%3Dkohl%252Caps%252C87%26sr%3D8-35-spons%26sp_csd%3Dd2lkZ2V0TmFtZT1zcF9tdGY%26psc%3D1,Full Size Sheet Set - Breathable & Cooling Sheets - Hotel Luxury Bed Sheets - Extra Soft - Deep Pockets - Easy Fit - 4 Piece Set - Wrinkle Free - Comfy – Sage Green Bed Sheets - Fulls Sheets – 4 PC,Sponsored,4.6 out of 5 stars,"212,993",$28.99,"FREE delivery Tue, Nov 22 Or fastest delivery Fri, Nov 18||Climate Pledge Friendly|Climate Pledge Friendly|Climate Pledge Friendly|<img alt="""" src=""https://m.media-amazon.com/images/I/216-OX9rBaL._SS200_.png"" height=""50px"" width=""50px""/>  Climate Pledge Friendly|<img alt="""" src=""https://m.media-amazon.com/images/I/216-OX9rBaL._SS200_.png"" height=""50px"" width=""50px""/>  Climate Pledge Friendly|<img alt="""" src=""https://m.media-amazon.com/images/I/81KlC+63xfL._SS200_.jpg"" height=""50px"" width=""50px""/> MADE IN GREEN by OEKO-TEX",B06X9FB723,https://m.media-amazon.com/images/I/61Q+PrT7+qL._AC_UL320_.jpg|https://m.media-amazon.com/images/I/216-OX9rBaL._SS200_.png||
2466,https://www.amazon.com/sspa/click?ie=UTF8&spc=MTozODgyMjQ4NzE1OTA3NzI4OjE2Njg2MjU4OTI6c3BfbXRmOjIwMDA4ODc5NzQ5NTE5ODo6MDo6&url=%2FBUTICOLOR-Remanufactured-Cartridge-Replacement-Printers%2Fdp%2FB0BCFJJWXV%2Fref%3Dsr_1_36_sspa%3Fcrid%3D1Y1FEZ82RDIGV%26keywords%3Dkohl%26qid%3D1668625892%26sprefix%3Dkohl%252Caps%252C87%26sr%3D8-36-spons%26sp_csd%3Dd2lkZ2V0TmFtZT1zcF9tdGY%26psc%3D1,"BUTICOLOR TN628 Remanufactured Toner Cartridge (AC79030) Replacement for Konica Minolta Bizhub 450i 550i 650i Series Printers.(1 Black, 24000 Pages)",Sponsored,,,$79.99,"FREE delivery Tue, Nov 29 Or fastest delivery Sun, Nov 20|",B0BCFJJWXV,https://m.media-amazon.com/images/I/61w8UxK+vuL._AC_UL320_.jpg
2467,https://www.amazon.com/Bose-SoundLink-Micro-Bluetooth-speaker/dp/B0748N1BZD/ref=sr_1_37?crid=1Y1FEZ82RDIGV&keywords=kohl&qid=1668625892&sprefix=kohl%2Caps%2C87&sr=8-37,"Bose SoundLink Micro Bluetooth Speaker: Small Portable Waterproof Speaker with Microphone, Black","FREE delivery Tue, Nov 22 Or fastest delivery Fri, Nov 18",4.8 out of 5 stars,"35,959",$99.00,"FREE delivery Tue, Nov 22 Or fastest delivery Fri, Nov 18|",B0748N1BZD,https://m.media-amazon.com/images/I/61v+-9dV4PL._AC_UL320_.jpg
2468,https://www.amazon.com/Nefertaris-Natural-Egyptian-Eyeliner-Handmade/dp/B09KZRGDFZ/ref=sr_1_38?crid=1Y1FEZ82RDIGV&keywords=kohl&qid=1668625892&sprefix=kohl%2Caps%2C87&sr=8-38,"Nefertari's 100% Natural Egyptian Eyeliner in Powder Form, Handmade Eyeliner",1 Count (Pack of 1),4.1 out of 5 stars,74,$28.00,"FREE delivery Tue, Nov 22 Or fastest delivery Fri, Nov 18|",B09KZRGDFZ,https://m.media-amazon.com/images/I/71ICKbCL4qL._AC_UL320_.jpg
2469,https://www.amazon.com/Happy-Holidays-Gift-Cards-Delivery/dp/B09B8GNV3B/ref=sr_1_39?crid=1Y1FEZ82RDIGV&keywords=kohl&qid=1668625892&sprefix=kohl%2Caps%2C87&sr=8-39,Happy Holidays Gift Cards - Email Delivery,FREE delivery,4.7 out of 5 stars,354,$25.00,FREE delivery,B09B8GNV3B,https://m.media-amazon.com/images/I/41o2+m2Ut1L._AC_UL320_.jpg
2470,https://www.amazon.com/LOreal-Paris-Voluminous-Smoldering-Sharpener/dp/B07QPM17KY/ref=sr_1_40?crid=1Y1FEZ82RDIGV&keywords=kohl&qid=1668625892&sprefix=kohl%2Caps%2C87&sr=8-40,"L'Oreal Paris Makeup Eyeliner Voluminous Smoldering Eye Pencil with Custom Sharpener, Kajal Inspired and Richly Intense, Black, 2 Count",2 Count (Pack of 1),4.6 out of 5 stars,"1,817",$15.10,"FREE delivery Tue, Nov 22 on $25 of items shipped by AmazonOr fastest delivery Fri, Nov 18|",B07QPM17KY,https://m.media-amazon.com/images/I/71Gqtm3ZM5L._AC_UL320_.jpg
2471,https://www.amazon.com/COVERGIRL-Perfect-Eyeliner-Blending-Precise/dp/B00CLASIBU/ref=sr_1_41?crid=1Y1FEZ82RDIGV&keywords=kohl&qid=1668625892&sprefix=kohl%2Caps%2C87&sr=8-41,"COVERGIRL Perfect Blend Eyeliner Pencil, Basic Black, Eyeliner Pencil with Blending Tip For Precise or Smudged Look, 1 Count",1 Count (Pack of 1),4.5 out of 5 stars,"15,107",$3.29,"FREE delivery Tue, Nov 22 on $25 of items shipped by AmazonOr fastest delivery Sat, Nov 19|",B00CLASIBU,https://m.media-amazon.com/images/I/61oPbFTWmkL._AC_UL320_.jpg
2472,https://www.amazon.com/REVLON-Waterproof-Smudgeproof-Longwearing-Ultra-Fine/dp/B000H3EO3O/ref=sr_1_42?crid=1Y1FEZ82RDIGV&keywords=kohl&qid=1668625892&sprefix=kohl%2Caps%2C87&sr=8-42,"Pencil Eyeliner by Revlon, ColorStay Eye Makeup with Built-in Sharpener, Waterproof, Smudgeproof, Longwearing with Ultra-Fine Tip, 201 Black, 0.01 Oz",0.01 Ounce (Pack of 1),4.6 out of 5 stars,"20,402",$6.97,"FREE delivery Tue, Nov 22 on $25 of items shipped by AmazonOr fastest delivery Fri, Nov 18|",B000H3EO3O,https://m.media-amazon.com/images/I/71tl2PadQpL._AC_UL320_.jpg
2473,https://www.amazon.com/Maybelline-New-York-Colossal-Kajal/dp/B01B1KQ6N2/ref=sr_1_43?crid=1Y1FEZ82RDIGV&keywords=kohl&qid=1668625892&sprefix=kohl%2Caps%2C87&sr=8-43,Maybelline New York New The Colossal Kajal - Super Black (2X Blacker) Waterproof 16Hours Intense.,1 Count (Pack of 1),4.5 out of 5 stars,"5,937",$8.35,"FREE delivery Tue, Nov 22 on $25 of items shipped by AmazonOr fastest delivery Fri, Nov 18|",B01B1KQ6N2,https://m.media-amazon.com/images/I/51XM2LWhd7L._AC_UL320_.jpg
2474,https://www.amazon.com/Rimmel-Kajal-Eyeliner-Black-Count/dp/B07NX6Q2B8/ref=sr_1_44?crid=1Y1FEZ82RDIGV&keywords=kohl&qid=1668625892&sprefix=kohl%2Caps%2C87&sr=8-44,"Rimmel Soft Kohl Kajal Eyeliner in Jet Black, 2 Count (Pack of 1)",2 Count (Pack of 1),4.5 out of 5 stars,"17,900",$10.88,"FREE delivery Tue, Nov 22 on $25 of items shipped by AmazonOr fastest delivery Fri, Nov 18|",B07NX6Q2B8,https://m.media-amazon.com/images/I/51g955vASnL._AC_UL320_.jpg
2475,https://www.amazon.com/Neutrogena-Eyeliner-Antioxidant-Water-Resistant-Smooth-Gliding/dp/B07JCYVRR4/ref=sr_1_45?crid=1Y1FEZ82RDIGV&keywords=kohl&qid=1668625892&sprefix=kohl%2Caps%2C87&sr=8-45,"Neutrogena Smokey Kohl Eyeliner with Antioxidant Vitamin E, Water-Resistant & Smooth-Gliding Eyeliner Makeup, Smokey Gray, 0.014 oz",1 Count (Pack of 1),4.5 out of 5 stars,"3,125",$6.99,FREE delivery on $25 shipped by Amazon.,B07JCYVRR4,https://m.media-amazon.com/images/I/71JU1OUj1fL._AC_UL320_.jpg
2476,https://www.amazon.com/Eyeliner-Lasting-Pigmented-Smudging-Gliding/dp/B00WT1USJQ/ref=sr_1_46?crid=1Y1FEZ82RDIGV&keywords=kohl&qid=1668625892&sprefix=kohl%2Caps%2C87&sr=8-46,"Wet n Wild Color Icon Kohl Eyeliner Pencil Dark Brown, Long Lasting, Highly Pigmented, No Smudging, Smooth Soft Gliding, Eye Liner Makeup, Pretty in Mink",0.04 Ounce (Pack of 1),4.4 out of 5 stars,598,$0.99,FREE delivery on $25 shipped by Amazon.,B00WT1USJQ,https://m.media-amazon.com/images/I/610MoTmLFML._AC_UL320_.jpg
2477,https://www.amazon.com/Neutrogena-Eyeliner-Antioxidant-Water-Resistant-Smooth-Gliding/dp/B07JDDXHLY/ref=sr_1_47?crid=1Y1FEZ82RDIGV&keywords=kohl&qid=1668625892&sprefix=kohl%2Caps%2C87&sr=8-47,"Neutrogena Smokey Kohl Eyeliner with Antioxidant Vitamin E, Water-Resistant & Smooth-Gliding Eyeliner Makeup, Dark Brown, 0.014 oz",1 Count (Pack of 1),4.5 out of 5 stars,"3,125",,,B07JDDXHLY,https://m.media-amazon.com/images/I/71UHxKu65hL._AC_UL320_.jpg
2478,https://www.amazon.com/Rimmel-Scandaleyes-Waterproof-Kajal-Liner/dp/B07PDTTLKJ/ref=sr_1_48?crid=1Y1FEZ82RDIGV&keywords=kohl&qid=1668625892&sprefix=kohl%2Caps%2C87&sr=8-48,"Rimmel Scandaleyes Waterproof Kohl Kajal Liner, Brown, 0.02 oz, Pack of 2",2 Count (Pack of 1),4.3 out of 5 stars,175,$8.79,"FREE delivery Tue, Nov 22 on $25 of items shipped by AmazonOr fastest delivery Fri, Nov 18|",B07PDTTLKJ,https://m.media-amazon.com/images/I/61c1WE-Bk0L._AC_UL320_.jpg
2479,https://www.amazon.com/Clinique-Kohl-Shaper-Black-0-04oz/dp/B00B5PFE8C/ref=sr_1_49?crid=1Y1FEZ82RDIGV&keywords=kohl&qid=1668625892&sprefix=kohl%2Caps%2C87&sr=8-49,Clinique - Kohl Shaper For Eyes - # 201 Black Kohl 1.2g/0.04oz,0.04 Ounce (Pack of 1),4.6 out of 5 stars,99,$34.99,FREE delivery Nov 21 - 23 Or fastest delivery Nov 18 - 22,B00B5PFE8C,https://m.media-amazon.com/images/I/31I4VecxxXL._AC_UL320_.jpg
2480,https://www.amazon.com/LOreal-Paris-Kohl-Eyeliner-Brown/dp/B005L8YITA/ref=sr_1_50?crid=1Y1FEZ82RDIGV&keywords=kohl&qid=1668625892&sprefix=kohl%2Caps%2C87&sr=8-50,"L'Oreal Paris, HIP Kohl Eyeliner, Brown Kohl (803), .04 Oz., Pack of 2",0.4 Ounce (Pack of 2),4.0 out of 5 stars,23,$19.99,FREE delivery Nov 22 - 23,B005L8YITA,https://m.media-amazon.com/images/I/51Fh00kkgpL._AC_UL320_.jpg
2481,https://www.amazon.com/Black-Radiance-Appeal-Blending-Pencil/dp/B01FIL1O14/ref=sr_1_51?crid=1Y1FEZ82RDIGV&keywords=kohl&qid=1668625892&sprefix=kohl%2Caps%2C87&sr=8-51,"Black Radiance Eye Appeal Blending Eyeliner Pencil, Kohl Dark Brown",1 Count (Pack of 1),4.2 out of 5 stars,109,$2.29,"FREE delivery Tue, Nov 22 on $25 of items shipped by AmazonOr fastest delivery Sat, Nov 19|",B01FIL1O14,https://m.media-amazon.com/images/I/61GUiNwSqeL._AC_UL320_.jpg
2482,https://www.amazon.com/Annabelle-Kohl-Eyeliner-Blue-Grey/dp/B01B73R98Y/ref=sr_1_52?crid=1Y1FEZ82RDIGV&keywords=kohl&qid=1668625892&sprefix=kohl%2Caps%2C87&sr=8-52,"Annabelle Kohl Eyeliner Crayon, Blue Grey, 0.04 oz",1 Count (Pack of 1),4.3 out of 5 stars,"2,067",$8.00,"FREE delivery Tue, Nov 22 on $25 of items shipped by AmazonOr fastest delivery Fri, Nov 18|",B01B73R98Y,https://m.media-amazon.com/images/I/51Zll70ospL._AC_UL320_.jpg
2483,https://www.amazon.com/NYX-Mechanical-Pencil-Deep-Blue/dp/B005G9EA7E/ref=sr_1_53?crid=1Y1FEZ82RDIGV&keywords=kohl&qid=1668625892&sprefix=kohl%2Caps%2C87&sr=8-53,"NYX PROFESSIONAL MAKEUP Mechanical Eyeliner Pencil, Deep Blue",1 Count (Pack of 1),4.5 out of 5 stars,"91,560",$5.49,"FREE delivery Tue, Nov 22 on $25 of items shipped by AmazonOr fastest delivery Sat, Nov 19|",B005G9EA7E,https://m.media-amazon.com/images/I/51mLn1ZHM0L._AC_UL320_.jpg
2484,https://www.amazon.com/Marcelle-Kohl-Eyeliner-Hypoallergenic-Fragrance-Free/dp/B015GRJJUI/ref=sr_1_54?crid=1Y1FEZ82RDIGV&keywords=kohl&qid=1668625892&sprefix=kohl%2Caps%2C87&sr=8-54,"Marcelle Kohl Eyeliner, Blue, Hypoallergenic and Fragrance-Free, 0.04 oz",1.15 Gram,4.3 out of 5 stars,475,$12.00,"FREE delivery Tue, Nov 22 on $25 of items shipped by AmazonOr fastest delivery Sat, Nov 19|",B015GRJJUI,https://m.media-amazon.com/images/I/51YVqeMKMEL._AC_UL320_.jpg
2485,https://www.amazon.com/Inner-Eye-Definer-Black-Navy/dp/B071P6D1JW/ref=sr_1_55?crid=1Y1FEZ82RDIGV&keywords=kohl&qid=1668625892&sprefix=kohl%2Caps%2C87&sr=8-55,Laura Mercier Kohl Eye Pencil - Black Navy Women 0.04 oz,"FREE delivery Tue, Nov 22 Or fastest delivery Sat, Nov 19",4.6 out of 5 stars,215,$37.87,"FREE delivery Tue, Nov 22 Or fastest delivery Sat, Nov 19|",B071P6D1JW,https://m.media-amazon.com/images/I/61s0RsjSNxL._AC_UL320_.jpg
2486,https://www.amazon.com/Smashbox-Always-Sharp-Waterproof-0-01Oz/dp/B00NFG6WWQ/ref=sr_1_56?crid=1Y1FEZ82RDIGV&keywords=kohl&qid=1668625892&sprefix=kohl%2Caps%2C87&sr=8-56,"Smashbox Always Sharp Waterproof Kohl Liner # Raven, Plain, 0.01 Oz",0.01 Ounce (Pack of 1),4.4 out of 5 stars,612,$19.08,"FREE delivery Tue, Nov 22 on $25 of items shipped by AmazonOr fastest delivery Fri, Nov 18|",B00NFG6WWQ,https://m.media-amazon.com/images/I/61Q7RfE8iYL._AC_UL320_.jpg
2487,https://www.amazon.com/Pretty-Vulgar-Eyeliner-Black-List/dp/B072YZ8V92/ref=sr_1_57?crid=1Y1FEZ82RDIGV&keywords=kohl&qid=1668625892&sprefix=kohl%2Caps%2C87&sr=8-57,Pretty Vulgar The Ink Gel Eyeliner,1 Count (Pack of 1),4.4 out of 5 stars,825,$24.00,"FREE delivery Tue, Nov 22 on $25 of items shipped by AmazonOr fastest delivery Fri, Nov 18||Small Business|Small Business|Small Business|<img alt="""" src=""https://m.media-amazon.com/images/I/111mHoVK0kL._SS200_.png"" height=""50px"" width=""50px""/>  Small Business|<img alt="""" src=""https://m.media-amazon.com/images/I/111mHoVK0kL._SS200_.png"" height=""50px"" width=""50px""/>  Small Business",B072YZ8V92,https://m.media-amazon.com/images/I/51azmc+busL._AC_UL320_.jpg|https://m.media-amazon.com/images/I/111mHoVK0kL._SS200_.png|
2488,https://www.amazon.com/sspa/click?ie=UTF8&spc=MTozODgyMjQ4NzE1OTA3NzI4OjE2Njg2MjU4OTI6c3BfYnRmOjIwMDA5MTk1ODYzMzg5ODo6MDo6&url=%2FLove-Luna-Period-Panties-LLU-330%2Fdp%2FB087TCNM6M%2Fref%3Dsr_1_58_sspa%3Fcrid%3D1Y1FEZ82RDIGV%26keywords%3Dkohl%26qid%3D1668625892%26sprefix%3Dkohl%252Caps%252C87%26sr%3D8-58-spons%26sp_csd%3Dd2lkZ2V0TmFtZT1zcF9idGY%26psc%3D1,Love Luna Lady Leaks Midi Brief,Sponsored,,,$34.00,"FREE delivery Nov 28 - 29 Or fastest delivery Mon, Nov 21",B087TCNM6M,https://m.media-amazon.com/images/I/61Ly4XpZSfL._AC_UL320_.jpg
2489,https://www.amazon.com/sspa/click?ie=UTF8&spc=MTozODgyMjQ4NzE1OTA3NzI4OjE2Njg2MjU4OTI6c3BfYnRmOjIwMDAyNTczODY4ODE0MTo6MDo6&url=%2FKing-Koil-Luxury-Raised-Mattress%2Fdp%2FB06XWG7H3S%2Fref%3Dsr_1_59_sspa%3Fcrid%3D1Y1FEZ82RDIGV%26keywords%3Dkohl%26qid%3D1668625892%26sprefix%3Dkohl%252Caps%252C87%26sr%3D8-59-spons%26sp_csd%3Dd2lkZ2V0TmFtZT1zcF9idGY%26psc%3D1,"King Koil Luxury Air Mattress Queen with Built-in Pump for Home, Camping & Guests - 20” Queen Size Inflatable Airbed Luxury Double High Adjustable Blow Up Mattress, Durable Portable Waterproof",Sponsored,4.4 out of 5 stars,"33,987",$149.95,"FREE delivery Tue, Nov 22 Or fastest delivery Fri, Nov 18|",B06XWG7H3S,https://m.media-amazon.com/images/I/71PSr9wCcnL._AC_UL320_.jpg
2490,https://www.amazon.com/sspa/click?ie=UTF8&spc=MTozODgyMjQ4NzE1OTA3NzI4OjE2Njg2MjU4OTI6c3BfYnRmOjIwMDA5NzU4MDI4NTI3MTo6MDo6&url=%2FPalladio-Immortal-Lasting-Eyeliner-Royalty%2Fdp%2FB01N65MB1S%2Fref%3Dsr_1_60_sspa%3Fcrid%3D1Y1FEZ82RDIGV%26keywords%3Dkohl%26qid%3D1668625892%26sprefix%3Dkohl%252Caps%252C87%26sr%3D8-60-spons%26sp_csd%3Dd2lkZ2V0TmFtZT1zcF9idGY%26psc%3D1,"Palladio Immortal Kajals, Royalty",Sponsored,4.0 out of 5 stars,23,$4.99,"FREE delivery Tue, Nov 22 on $25 of items shipped by AmazonOr fastest delivery Sat, Nov 19||Small Business|Small Business|Small Business|<img alt="""" src=""https://m.media-amazon.com/images/I/111mHoVK0kL._SS200_.png"" height=""50px"" width=""50px""/>  Small Business|<img alt="""" src=""https://m.media-amazon.com/images/I/111mHoVK0kL._SS200_.png"" height=""50px"" width=""50px""/>  Small Business",B01N65MB1S,https://m.media-amazon.com/images/I/41nXnTxv6RL._AC_UL320_.jpg|https://m.media-amazon.com/images/I/111mHoVK0kL._SS200_.png|
2498,https://www.amazon.com/sspa/click?ie=UTF8&spc=MTo0MDUxNzkyNTI2MDE0MDA4OjE2Njg2MjU5MDg6c3BfYXRmOjIwMDEwNjQyNjAzNjgzMTo6MDo6&url=%2FColorStay-Waterproof-Smudgeproof-Longwearing-Ultra-Fine%2Fdp%2FB000H3I2JG%2Fref%3Dsr_1_1_sspa%3Fcrid%3D1JLQLYFE3MRQW%26keywords%3Deyeliner%26qid%3D1668625908%26sprefix%3Deyeliner%252Caps%252C91%26sr%3D8-1-spons%26sp_csd%3Dd2lkZ2V0TmFtZT1zcF9hdGY%26psc%3D1,"Pencil Eyeliner by Revlon, ColorStay Eye Makeup with Built-in Sharpener, Waterproof, Smudgeproof, Longwearing with Ultra-Fine Tip, Black Brown, 0.01 Oz",Sponsored,4.6 out of 5 stars,"20,402",$6.97,"FREE delivery Tue, Nov 22 on $25 of items shipped by AmazonOr fastest delivery Sat, Nov 19|",B000H3I2JG,https://m.media-amazon.com/images/I/71gYQoPVc2L._AC_UL320_.jpg
2499,https://www.amazon.com/sspa/click?ie=UTF8&spc=MTo0MDUxNzkyNTI2MDE0MDA4OjE2Njg2MjU5MDg6c3BfYXRmOjIwMDEwNjIwMTEwMzYzMTo6MDo6&url=%2FAlmay-Longlasting-Waterproof-Fade-Proof-High-Performing%2Fdp%2FB08MS6VKR1%2Fref%3Dsr_1_2_sspa%3Fcrid%3D1JLQLYFE3MRQW%26keywords%3Deyeliner%26qid%3D1668625908%26sprefix%3Deyeliner%252Caps%252C91%26sr%3D8-2-spons%26sp_csd%3Dd2lkZ2V0TmFtZT1zcF9hdGY%26psc%3D1,"Gel Eyeliner by Almay, Waterproof, Fade-Proof Eye Makeup, Easy-to-Sharpen Liner Pencil, 100 All Day Grey, 0.045 Oz",Sponsored,4.2 out of 5 stars,"3,037",$6.93,"FREE delivery Tue, Nov 22 on $25 of items shipped by AmazonOr fastest delivery Sat, Nov 19||Climate Pledge Friendly|Climate Pledge Friendly|Climate Pledge Friendly|<img alt="""" src=""https://m.media-amazon.com/images/I/216-OX9rBaL._SS200_.png"" height=""50px"" width=""50px""/>  Climate Pledge Friendly|<img alt="""" src=""https://m.media-amazon.com/images/I/216-OX9rBaL._SS200_.png"" height=""50px"" width=""50px""/>  Climate Pledge Friendly|<img alt="""" src=""https://m.media-amazon.com/images/I/31OPjlesFNL._SS200_.png"" height=""50px"" width=""50px""/> EWG Verified",B08MS6VKR1,https://m.media-amazon.com/images/I/71e8G5bExnL._AC_UL320_.jpg|https://m.media-amazon.com/images/I/216-OX9rBaL._SS200_.png||
2500,https://www.amazon.com/sspa/click?ie=UTF8&spc=MTo0MDUxNzkyNTI2MDE0MDA4OjE2Njg2MjU5MDg6c3BfYXRmOjIwMDEwNjIwMDg2NDEzMTo6MDo6&url=%2FAlmay-Longlasting-Waterproof-HighPerforming-EasytoSharpen%2Fdp%2FB08MRZFQ23%2Fref%3Dsr_1_3_sspa%3Fcrid%3D1JLQLYFE3MRQW%26keywords%3Deyeliner%26qid%3D1668625908%26sprefix%3Deyeliner%252Caps%252C91%26sr%3D8-3-spons%26sp_csd%3Dd2lkZ2V0TmFtZT1zcF9hdGY%26psc%3D1,"Gel Eyeliner by Almay, Waterproof, Fade-Proof Eye Makeup, Easy-to-Sharpen Liner Pencil, 110 Rich Black, 0.028 Oz",Sponsored,4.3 out of 5 stars,"1,377",$6.89,"FREE delivery Tue, Nov 22 on $25 of items shipped by AmazonOr fastest delivery Sat, Nov 19||Climate Pledge Friendly|Climate Pledge Friendly|Climate Pledge Friendly|<img alt="""" src=""https://m.media-amazon.com/images/I/216-OX9rBaL._SS200_.png"" height=""50px"" width=""50px""/>  Climate Pledge Friendly|<img alt="""" src=""https://m.media-amazon.com/images/I/216-OX9rBaL._SS200_.png"" height=""50px"" width=""50px""/>  Climate Pledge Friendly|<img alt="""" src=""https://m.media-amazon.com/images/I/31OPjlesFNL._SS200_.png"" height=""50px"" width=""50px""/> EWG Verified",B08MRZFQ23,https://m.media-amazon.com/images/I/71xPNeVrX3L._AC_UL320_.jpg|https://m.media-amazon.com/images/I/216-OX9rBaL._SS200_.png||
2501,https://www.amazon.com/sspa/click?ie=UTF8&spc=MTo0MDUxNzkyNTI2MDE0MDA4OjE2Njg2MjU5MDg6c3BfYXRmOjIwMDA2NDc4MjMwODA5ODo6MDo6&url=%2FMaybelline-Liquid-No-Skip-Waterproof-Eyeliner%2Fdp%2FB09Y18197C%2Fref%3Dsr_1_4_sspa%3Fcrid%3D1JLQLYFE3MRQW%26keywords%3Deyeliner%26qid%3D1668625908%26sprefix%3Deyeliner%252Caps%252C91%26sr%3D8-4-spons%26sp_csd%3Dd2lkZ2V0TmFtZT1zcF9hdGY%26psc%3D1,"Maybelline Hyper Easy Liquid Pen No-Skip Waterproof Eyeliner, Satin Finish, Pitch Brown",Sponsored,4.4 out of 5 stars,"54,036",$7.98,"FREE delivery Tue, Nov 22 on $25 of items shipped by AmazonOr fastest delivery Sun, Nov 20|",B09Y18197C,https://m.media-amazon.com/images/I/61d3hXy5w7L._AC_UL320_.jpg
2502,https://www.amazon.com/NYX-PROFESSIONAL-MAKEUP-Waterproof-Eyeliner/dp/B074Y8LM6T/ref=sr_1_5?crid=1JLQLYFE3MRQW&keywords=eyeliner&qid=1668625908&sprefix=eyeliner%2Caps%2C91&sr=8-5,"NYX PROFESSIONAL MAKEUP Epic Ink Liner, Waterproof Liquid Eyeliner - Black, Vegan Formula",1 Count (Pack of 1),4.6 out of 5 stars,"72,312",$7.92,"FREE delivery Tue, Nov 22 on $25 of items shipped by AmazonOr fastest delivery Fri, Nov 18|",B074Y8LM6T,https://m.media-amazon.com/images/I/61MlC7rEJPL._AC_UL320_.jpg
2503,https://www.amazon.com/NYX-Mechanical-Eye-Pencil-Black/dp/B005G9E9AW/ref=sr_1_6?crid=1JLQLYFE3MRQW&keywords=eyeliner&qid=1668625908&sprefix=eyeliner%2Caps%2C91&sr=8-6,"NYX PROFESSIONAL MAKEUP Mechanical Eyeliner Pencil, Black",1 Count (Pack of 1),4.5 out of 5 stars,"91,560",$4.99,"FREE delivery Tue, Nov 22 on $25 of items shipped by AmazonOr fastest delivery Sat, Nov 19|",B005G9E9AW,https://m.media-amazon.com/images/I/51rSQChbyPL._AC_UL320_.jpg
2504,https://www.amazon.com/Maybelline-Eyestudio-Master-Precise-Eyeliner/dp/B07FYMBCS5/ref=sr_1_7?crid=1JLQLYFE3MRQW&keywords=eyeliner&qid=1668625908&sprefix=eyeliner%2Caps%2C91&sr=8-7,"Maybelline Eyestudio Master Precise All Day Waterproof Liquid Eyeliner, Black, 1 Count",$6.06 with Subscribe & Save discountSave 5% on 4 select item(s),4.5 out of 5 stars,"29,050",$6.38,"FREE delivery Tue, Nov 22 on $25 of items shipped by AmazonOr fastest delivery Fri, Nov 18|",B07FYMBCS5,https://m.media-amazon.com/images/I/61GNuUF92RL._AC_UL320_.jpg
2505,https://www.amazon.com/sspa/click?ie=UTF8&spc=MTo3NDQ1MDQ1NTEyNzYyODIwOjE2Njg2MjU5MDg6c3Bfc2VhcmNoX3RoZW1hdGljOjIwMDEwNjIwMTEwMzYzMTo6MDo6&url=%2FAlmay-Longlasting-Waterproof-Fade-Proof-High-Performing%2Fdp%2FB08MS6VKR1%2Fref%3Dsxin_16_pa_sp_search_thematic_sspa%3Fcontent-id%3Damzn1.sym.4e7a2229-074e-44de-95c4-9fd858f46295%253Aamzn1.sym.4e7a2229-074e-44de-95c4-9fd858f46295%26crid%3D1JLQLYFE3MRQW%26cv_ct_cx%3Deyeliner%26keywords%3Deyeliner%26pd_rd_i%3DB08MS6VKR1%26pd_rd_r%3De5d94b31-39b8-43a8-9de3-78a25ade61bd%26pd_rd_w%3DnIkJO%26pd_rd_wg%3Dys4ue%26pf_rd_p%3D4e7a2229-074e-44de-95c4-9fd858f46295%26pf_rd_r%3DARRSYCGV8HX9451DSE1F%26qid%3D1668625908%26sprefix%3Deyeliner%252Caps%252C91%26sr%3D1-1-a73d1c8c-2fd2-4f19-aa41-2df022bcb241-spons%26sp_csd%3Dd2lkZ2V0TmFtZT1zcF9zZWFyY2hfdGhlbWF0aWM%26psc%3D1,"Gel Eyeliner by Almay, Waterproof, Fade-Proof Eye Makeup, Easy-to-Sharpen Liner Pencil, 100 All Day Grey, 0.045 Oz",1 Count (Pack of 1),4.2 out of 5 stars|4.6 out of 5 stars|4.5 out of 5 stars|4.4 out of 5 stars|4.3 out of 5 stars,"3,037|20,402|21,900|54,036|5,102",$6.93,"Climate Pledge Friendly|Climate Pledge Friendly|Climate Pledge Friendly|<img alt="""" src=""https://m.media-amazon.com/images/I/216-OX9rBaL._SS200_.png"" height=""50px"" width=""50px""/>  Climate Pledge Friendly|<img alt="""" src=""https://m.media-amazon.com/images/I/216-OX9rBaL._SS200_.png"" height=""50px"" width=""50px""/>  Climate Pledge Friendly|<img alt="""" src=""https://m.media-amazon.com/images/I/31OPjlesFNL._SS200_.png"" height=""50px"" width=""50px""/> EWG Verified|Small Business|Small Business|Small Business|<img alt="""" src=""https://m.media-amazon.com/images/I/111mHoVK0kL._SS200_.png"" height=""50px"" width=""50px""/>  Small Business|<img alt="""" src=""https://m.media-amazon.com/images/I/111mHoVK0kL._SS200_.png"" height=""50px"" width=""50px""/>  Small Business",,https://m.media-amazon.com/images/I/71e8G5bExnL._AC_UL320_.jpg|https://m.media-amazon.com/images/I/216-OX9rBaL._SS200_.png|||https://m.media-amazon.com/images/I/71gYQoPVc2L._AC_UL320_.jpg|https://m.media-amazon.com/images/I/51lx9IUcWzL._AC_UL320_.jpg|https://m.media-amazon.com/images/I/61d3hXy5w7L._AC_UL320_.jpg|https://m.media-amazon.com/images/I/41CUDb27Y2L._AC_UL320_.jpg|https://m.media-amazon.com/images/I/111mHoVK0kL._SS200_.png|
2506,https://www.amazon.com/sspa/click?ie=UTF8&spc=MTo3NDQ1MDQ1NTEyNzYyODIwOjE2Njg2MjU5MDg6c3Bfc2VhcmNoX3RoZW1hdGljOjIwMDEwNjIwMTEwMzYzMTo6MDo6&url=%2FAlmay-Longlasting-Waterproof-Fade-Proof-High-Performing%2Fdp%2FB08MS6VKR1%2Fref%3Dsxin_16_pa_sp_search_thematic_sspa%3Fcontent-id%3Damzn1.sym.4e7a2229-074e-44de-95c4-9fd858f46295%253Aamzn1.sym.4e7a2229-074e-44de-95c4-9fd858f46295%26crid%3D1JLQLYFE3MRQW%26cv_ct_cx%3Deyeliner%26keywords%3Deyeliner%26pd_rd_i%3DB08MS6VKR1%26pd_rd_r%3De5d94b31-39b8-43a8-9de3-78a25ade61bd%26pd_rd_w%3DnIkJO%26pd_rd_wg%3Dys4ue%26pf_rd_p%3D4e7a2229-074e-44de-95c4-9fd858f46295%26pf_rd_r%3DARRSYCGV8HX9451DSE1F%26qid%3D1668625908%26sprefix%3Deyeliner%252Caps%252C91%26sr%3D1-1-a73d1c8c-2fd2-4f19-aa41-2df022bcb241-spons%26sp_csd%3Dd2lkZ2V0TmFtZT1zcF9zZWFyY2hfdGhlbWF0aWM%26psc%3D1,"Gel Eyeliner by Almay, Waterproof, Fade-Proof Eye Makeup, Easy-to-Sharpen Liner Pencil, 100 All Day Grey, 0.045 Oz",1 Count (Pack of 1),4.2 out of 5 stars,"3,037",$6.93,"Climate Pledge Friendly|Climate Pledge Friendly|Climate Pledge Friendly|<img alt="""" src=""https://m.media-amazon.com/images/I/216-OX9rBaL._SS200_.png"" height=""50px"" width=""50px""/>  Climate Pledge Friendly|<img alt="""" src=""https://m.media-amazon.com/images/I/216-OX9rBaL._SS200_.png"" height=""50px"" width=""50px""/>  Climate Pledge Friendly|<img alt="""" src=""https://m.media-amazon.com/images/I/31OPjlesFNL._SS200_.png"" height=""50px"" width=""50px""/> EWG Verified",B08MS6VKR1,https://m.media-amazon.com/images/I/71e8G5bExnL._AC_UL320_.jpg|https://m.media-amazon.com/images/I/216-OX9rBaL._SS200_.png||
2507,https://www.amazon.com/sspa/click?ie=UTF8&spc=MTo3NDQ1MDQ1NTEyNzYyODIwOjE2Njg2MjU5MDg6c3Bfc2VhcmNoX3RoZW1hdGljOjIwMDEwNjQyNjAzNjgzMTo6MTo6&url=%2FColorStay-Waterproof-Smudgeproof-Longwearing-Ultra-Fine%2Fdp%2FB000H3I2JG%2Fref%3Dsxin_16_pa_sp_search_thematic_sspa%3Fcontent-id%3Damzn1.sym.4e7a2229-074e-44de-95c4-9fd858f46295%253Aamzn1.sym.4e7a2229-074e-44de-95c4-9fd858f46295%26crid%3D1JLQLYFE3MRQW%26cv_ct_cx%3Deyeliner%26keywords%3Deyeliner%26pd_rd_i%3DB000H3I2JG%26pd_rd_r%3De5d94b31-39b8-43a8-9de3-78a25ade61bd%26pd_rd_w%3DnIkJO%26pd_rd_wg%3Dys4ue%26pf_rd_p%3D4e7a2229-074e-44de-95c4-9fd858f46295%26pf_rd_r%3DARRSYCGV8HX9451DSE1F%26qid%3D1668625908%26sprefix%3Deyeliner%252Caps%252C91%26sr%3D1-2-a73d1c8c-2fd2-4f19-aa41-2df022bcb241-spons%26sp_csd%3Dd2lkZ2V0TmFtZT1zcF9zZWFyY2hfdGhlbWF0aWM%26psc%3D1,"Pencil Eyeliner by Revlon, ColorStay Eye Makeup with Built-in Sharpener, Waterproof, Smudgeproof, Longwearing with Ultra-Fine Tip, Black Brown, 0.01 Oz",0.01 Ounce (Pack of 1),4.6 out of 5 stars,"20,402",$6.97,,B000H3I2JG,https://m.media-amazon.com/images/I/71gYQoPVc2L._AC_UL320_.jpg
2508,https://www.amazon.com/sspa/click?ie=UTF8&spc=MTo3NDQ1MDQ1NTEyNzYyODIwOjE2Njg2MjU5MDg6c3Bfc2VhcmNoX3RoZW1hdGljOjIwMDAyMjA5MjQxMzg4MTo6Mjo6&url=%2FLOr%25C3%25A9al-Paris-Makeup-Infallible-Eyeliner%2Fdp%2FB004BDVF6A%2Fref%3Dsxin_16_pa_sp_search_thematic_sspa%3Fcontent-id%3Damzn1.sym.4e7a2229-074e-44de-95c4-9fd858f46295%253Aamzn1.sym.4e7a2229-074e-44de-95c4-9fd858f46295%26crid%3D1JLQLYFE3MRQW%26cv_ct_cx%3Deyeliner%26keywords%3Deyeliner%26pd_rd_i%3DB004BDVF6A%26pd_rd_r%3De5d94b31-39b8-43a8-9de3-78a25ade61bd%26pd_rd_w%3DnIkJO%26pd_rd_wg%3Dys4ue%26pf_rd_p%3D4e7a2229-074e-44de-95c4-9fd858f46295%26pf_rd_r%3DARRSYCGV8HX9451DSE1F%26qid%3D1668625908%26sprefix%3Deyeliner%252Caps%252C91%26sr%3D1-3-a73d1c8c-2fd2-4f19-aa41-2df022bcb241-spons%26sp_csd%3Dd2lkZ2V0TmFtZT1zcF9zZWFyY2hfdGhlbWF0aWM%26psc%3D1,"L'Oreal Paris Makeup Infallible Never Fail Original Mechanical Pencil Eyeliner with Built in Sharpener, Black, 1 Count",$9.02 with Subscribe & Save discountSave 50% on 1 when you buy 2,4.5 out of 5 stars,"21,900",$9.49,,B004BDVF6A,https://m.media-amazon.com/images/I/51lx9IUcWzL._AC_UL320_.jpg
2509,https://www.amazon.com/sspa/click?ie=UTF8&spc=MTo3NDQ1MDQ1NTEyNzYyODIwOjE2Njg2MjU5MDg6c3Bfc2VhcmNoX3RoZW1hdGljOjIwMDA2NDc4MjMwODA5ODo6Mzo6&url=%2FMaybelline-Liquid-No-Skip-Waterproof-Eyeliner%2Fdp%2FB09Y18197C%2Fref%3Dsxin_16_pa_sp_search_thematic_sspa%3Fcontent-id%3Damzn1.sym.4e7a2229-074e-44de-95c4-9fd858f46295%253Aamzn1.sym.4e7a2229-074e-44de-95c4-9fd858f46295%26crid%3D1JLQLYFE3MRQW%26cv_ct_cx%3Deyeliner%26keywords%3Deyeliner%26pd_rd_i%3DB09Y18197C%26pd_rd_r%3De5d94b31-39b8-43a8-9de3-78a25ade61bd%26pd_rd_w%3DnIkJO%26pd_rd_wg%3Dys4ue%26pf_rd_p%3D4e7a2229-074e-44de-95c4-9fd858f46295%26pf_rd_r%3DARRSYCGV8HX9451DSE1F%26qid%3D1668625908%26sprefix%3Deyeliner%252Caps%252C91%26sr%3D1-4-a73d1c8c-2fd2-4f19-aa41-2df022bcb241-spons%26sp_csd%3Dd2lkZ2V0TmFtZT1zcF9zZWFyY2hfdGhlbWF0aWM%26psc%3D1,"Maybelline Hyper Easy Liquid Pen No-Skip Waterproof Eyeliner, Satin Finish, Pitch Brown",1 Count (Pack of 1),4.4 out of 5 stars,"54,036",$7.98,,B09Y18197C,https://m.media-amazon.com/images/I/61d3hXy5w7L._AC_UL320_.jpg
2510,https://www.amazon.com/sspa/click?ie=UTF8&spc=MTo3NDQ1MDQ1NTEyNzYyODIwOjE2Njg2MjU5MDg6c3Bfc2VhcmNoX3RoZW1hdGljOjIwMDA1NjQxMTU2ODA5ODo6NDo6&url=%2FPalladio-Retractable-Waterproof-Pigmented-Application%2Fdp%2FB000E9FY1W%2Fref%3Dsxin_16_pa_sp_search_thematic_sspa%3Fcontent-id%3Damzn1.sym.4e7a2229-074e-44de-95c4-9fd858f46295%253Aamzn1.sym.4e7a2229-074e-44de-95c4-9fd858f46295%26crid%3D1JLQLYFE3MRQW%26cv_ct_cx%3Deyeliner%26keywords%3Deyeliner%26pd_rd_i%3DB000E9FY1W%26pd_rd_r%3De5d94b31-39b8-43a8-9de3-78a25ade61bd%26pd_rd_w%3DnIkJO%26pd_rd_wg%3Dys4ue%26pf_rd_p%3D4e7a2229-074e-44de-95c4-9fd858f46295%26pf_rd_r%3DARRSYCGV8HX9451DSE1F%26qid%3D1668625908%26sprefix%3Deyeliner%252Caps%252C91%26sr%3D1-5-a73d1c8c-2fd2-4f19-aa41-2df022bcb241-spons%26sp_csd%3Dd2lkZ2V0TmFtZT1zcF9zZWFyY2hfdGhlbWF0aWM%26psc%3D1,"Palladio Retractable Waterproof Eyeliner, Richly Pigmented Color and Creamy, Slip Twist Up Pencil Eye Liner, Smudge Proof Long Lasting Application, All Day Wear, No Sharpener Required, Olive",1 Count (Pack of 1),4.3 out of 5 stars,"5,102",$7.99,"Small Business|Small Business|Small Business|<img alt="""" src=""https://m.media-amazon.com/images/I/111mHoVK0kL._SS200_.png"" height=""50px"" width=""50px""/>  Small Business|<img alt="""" src=""https://m.media-amazon.com/images/I/111mHoVK0kL._SS200_.png"" height=""50px"" width=""50px""/>  Small Business",B000E9FY1W,https://m.media-amazon.com/images/I/41CUDb27Y2L._AC_UL320_.jpg|https://m.media-amazon.com/images/I/111mHoVK0kL._SS200_.png|
2512,https://www.amazon.com/Stila-Waterproof-Liquid-Liner-Intense/dp/B0031NNE56/ref=sr_1_8?crid=1JLQLYFE3MRQW&keywords=eyeliner&qid=1668625908&sprefix=eyeliner%2Caps%2C91&sr=8-8,stila Stay All Day Waterproof Liquid Eye Liner,1 Count (Pack of 1),4.5 out of 5 stars,"25,892",$23.00,"FREE delivery Tue, Nov 22 on $25 of items shipped by AmazonOr fastest delivery Fri, Nov 18|",B0031NNE56,https://m.media-amazon.com/images/I/61CsYNjeDkL._AC_UL320_.jpg
2513,https://www.amazon.com/l-f-Cosmetics-retractable-eyeliner-waterproof/dp/B07MWSXPT1/ref=sr_1_9?crid=1JLQLYFE3MRQW&keywords=eyeliner&qid=1668625908&sprefix=eyeliner%2Caps%2C91&sr=8-9,"e.l.f. No Budge Retractable Eyeliner, Creamy, Ultra-Pigmented & Waterproof, Creates Bold & Defined Lines, Vegan & Cruelty-Free, Black 0.006 Oz",1 Count (Pack of 1),4.5 out of 5 stars,"8,529",$4.00,"FREE delivery Tue, Nov 22 on $25 of items shipped by AmazonOr fastest delivery Fri, Nov 18|",B07MWSXPT1,https://m.media-amazon.com/images/I/51iP+Zi8O5L._AC_UL320_.jpg
2514,https://www.amazon.com/wild-Breakup-Proof-Liquid-Eyeliner-Black/dp/B082YQ8TXR/ref=sr_1_10?crid=1JLQLYFE3MRQW&keywords=eyeliner&qid=1668625908&sprefix=eyeliner%2Caps%2C91&sr=8-10,Wet n Wild Mega Last Breakup Proof Liquid Waterproof Eyeliner Brush Tip Pen | Quick Drying | Smudge Resistant| Long Lasting 16 Hour Wear| Precise Ultra Fine | Black,1 Count (Pack of 1),4.5 out of 5 stars,"11,333",$5.28,"FREE delivery Tue, Nov 22 on $25 of items shipped by AmazonOr fastest delivery Fri, Nov 18|",B082YQ8TXR,https://m.media-amazon.com/images/I/61fqBvLANeL._AC_UL320_.jpg
2515,https://www.amazon.com/Wet-Wild-Megaliner-Liquid-Eyeliner/dp/B01D8BUHN2/ref=sr_1_11?crid=1JLQLYFE3MRQW&keywords=eyeliner&qid=1668625908&sprefix=eyeliner%2Caps%2C91&sr=8-11,Wet n Wild MegaLiner Liquid Eyeliner Black Black,1 Count (Pack of 1),4.0 out of 5 stars,"3,077",$3.18,"FREE delivery Tue, Nov 22 on $25 of items shipped by AmazonOr fastest delivery Fri, Nov 18|",B01D8BUHN2,https://m.media-amazon.com/images/I/51tg6QqJt5L._AC_UL320_.jpg
2516,https://www.amazon.com/NYX-Mechanical-Eye-Pencil-White/dp/B005G9E98O/ref=sr_1_12?crid=1JLQLYFE3MRQW&keywords=eyeliner&qid=1668625908&sprefix=eyeliner%2Caps%2C91&sr=8-12,"NYX PROFESSIONAL MAKEUP Mechanical Eyeliner Pencil, White",1 Count (Pack of 1),4.5 out of 5 stars,"91,560",$4.99,"FREE delivery Tue, Nov 22 on $25 of items shipped by AmazonOr fastest delivery Fri, Nov 18|",B005G9E98O,https://m.media-amazon.com/images/I/41qOUM010vL._AC_UL320_.jpg
2517,https://www.amazon.com/Maybelline-Liquid-No-Skip-Waterproof-Eyeliner/dp/B09Y18197C/ref=sr_1_13?crid=1JLQLYFE3MRQW&keywords=eyeliner&qid=1668625908&sprefix=eyeliner%2Caps%2C91&sr=8-13,"Maybelline Hyper Easy Liquid Pen No-Skip Waterproof Eyeliner, Satin Finish, Pitch Brown",1 Count (Pack of 1),4.4 out of 5 stars,"54,036",$7.98,"FREE delivery Tue, Nov 22 on $25 of items shipped by AmazonOr fastest delivery Sun, Nov 20|",B09Y18197C,https://m.media-amazon.com/images/I/61d3hXy5w7L._AC_UL320_.jpg
2518,https://www.amazon.com/sspa/click?ie=UTF8&spc=MToyOTYwNTUzNTk3ODQ0OTgwOjE2Njg2MjU5MDg6c3Bfc2VhcmNoX3RoZW1hdGljOjIwMDEwNjIwMTEwMzYzMTo6MDo6&url=%2FAlmay-Longlasting-Waterproof-Fade-Proof-High-Performing%2Fdp%2FB08MS6VKR1%2Fref%3Dsxin_24_pa_sp_search_thematic-asin_sspa%3Fcontent-id%3Damzn1.sym.4228d1d7-b9a2-4dcc-9504-1ef42bcf486a%253Aamzn1.sym.4228d1d7-b9a2-4dcc-9504-1ef42bcf486a%26crid%3D1JLQLYFE3MRQW%26cv_ct_cx%3Deyeliner%26keywords%3Deyeliner%26pd_rd_i%3DB08MS6VKR1%26pd_rd_r%3De5d94b31-39b8-43a8-9de3-78a25ade61bd%26pd_rd_w%3D3tegP%26pd_rd_wg%3Dys4ue%26pf_rd_p%3D4228d1d7-b9a2-4dcc-9504-1ef42bcf486a%26pf_rd_r%3DARRSYCGV8HX9451DSE1F%26qid%3D1668625908%26sprefix%3Deyeliner%252Caps%252C91%26sr%3D1-1-4a643ae4-6005-4b15-bc31-2c5125e2b25b-spons%26sp_csd%3Dd2lkZ2V0TmFtZT1zcF9zZWFyY2hfdGhlbWF0aWM%26psc%3D1,"Gel Eyeliner by Almay, Waterproof, Fade-Proof Eye Makeup, Easy-to-Sharpen Liner Pencil, 100 All Day Grey, 0.045 Oz",Sponsored,4.2 out of 5 stars|4.3 out of 5 stars|4.2 out of 5 stars|4.2 out of 5 stars|3.8 out of 5 stars|4.3 out of 5 stars|4.4 out of 5 stars|4.1 out of 5 stars,"3,037|1,377|6,604|3,249|1,980|1,547|1,442|1,384",$6.93,"Climate Pledge Friendly|Climate Pledge Friendly|Climate Pledge Friendly|<img alt="""" src=""https://m.media-amazon.com/images/I/216-OX9rBaL._SS200_.png"" height=""50px"" width=""50px""/>  Climate Pledge Friendly|<img alt="""" src=""https://m.media-amazon.com/images/I/216-OX9rBaL._SS200_.png"" height=""50px"" width=""50px""/>  Climate Pledge Friendly|<img alt="""" src=""https://m.media-amazon.com/images/I/31OPjlesFNL._SS200_.png"" height=""50px"" width=""50px""/> EWG Verified|Climate Pledge Friendly|Climate Pledge Friendly|Climate Pledge Friendly|<img alt="""" src=""https://m.media-amazon.com/images/I/216-OX9rBaL._SS200_.png"" height=""50px"" width=""50px""/>  Climate Pledge Friendly|<img alt="""" src=""https://m.media-amazon.com/images/I/216-OX9rBaL._SS200_.png"" height=""50px"" width=""50px""/>  Climate Pledge Friendly|<img alt="""" src=""https://m.media-amazon.com/images/I/31OPjlesFNL._SS200_.png"" height=""50px"" width=""50px""/> EWG Verified|Climate Pledge Friendly|Climate Pledge Friendly|Climate Pledge Friendly|<img alt="""" src=""https://m.media-amazon.com/images/I/216-OX9rBaL._SS200_.png"" height=""50px"" width=""50px""/>  Climate Pledge Friendly|<img alt="""" src=""https://m.media-amazon.com/images/I/216-OX9rBaL._SS200_.png"" height=""50px"" width=""50px""/>  Climate Pledge Friendly|<img alt="""" src=""https://m.media-amazon.com/images/I/21gvAoOh07L._SS200_.png"" height=""50px"" width=""50px""/> CarbonNeutral product by Natural Capital Partners|Climate Pledge Friendly|Climate Pledge Friendly|Climate Pledge Friendly|<img alt="""" src=""https://m.media-amazon.com/images/I/216-OX9rBaL._SS200_.png"" height=""50px"" width=""50px""/>  Climate Pledge Friendly|<img alt="""" src=""https://m.media-amazon.com/images/I/216-OX9rBaL._SS200_.png"" height=""50px"" width=""50px""/>  Climate Pledge Friendly|<img alt="""" src=""https://m.media-amazon.com/images/I/31OPjlesFNL._SS200_.png"" height=""50px"" width=""50px""/> EWG Verified|Climate Pledge Friendly|Climate Pledge Friendly|Climate Pledge Friendly|<img alt="""" src=""https://m.media-amazon.com/images/I/216-OX9rBaL._SS200_.png"" height=""50px"" width=""50px""/>  Climate Pledge Friendly|<img alt="""" src=""https://m.media-amazon.com/images/I/216-OX9rBaL._SS200_.png"" height=""50px"" width=""50px""/>  Climate Pledge Friendly|<img alt="""" src=""https://m.media-amazon.com/images/I/41Y2L-DZWfL._SS200_.png"" height=""50px"" width=""50px""/> Compact by Design (Certified by Amazon)|Climate Pledge Friendly|Climate Pledge Friendly|Climate Pledge Friendly|<img alt="""" src=""https://m.media-amazon.com/images/I/216-OX9rBaL._SS200_.png"" height=""50px"" width=""50px""/>  Climate Pledge Friendly|<img alt="""" src=""https://m.media-amazon.com/images/I/216-OX9rBaL._SS200_.png"" height=""50px"" width=""50px""/>  Climate Pledge Friendly|<img alt="""" src=""https://m.media-amazon.com/images/I/51vgBATI8mL._SS200_.jpg"" height=""50px"" width=""50px""/> Climate neutral by ClimatePartner|Climate Pledge Friendly|Climate Pledge Friendly|Climate Pledge Friendly|<img alt="""" src=""https://m.media-amazon.com/images/I/216-OX9rBaL._SS200_.png"" height=""50px"" width=""50px""/>  Climate Pledge Friendly|<img alt="""" src=""https://m.media-amazon.com/images/I/216-OX9rBaL._SS200_.png"" height=""50px"" width=""50px""/>  Climate Pledge Friendly|<img alt="""" src=""https://m.media-amazon.com/images/I/31OPjlesFNL._SS200_.png"" height=""50px"" width=""50px""/> EWG Verified|Climate Pledge Friendly|Climate Pledge Friendly|Climate Pledge Friendly|<img alt="""" src=""https://m.media-amazon.com/images/I/216-OX9rBaL._SS200_.png"" height=""50px"" width=""50px""/>  Climate Pledge Friendly|<img alt="""" src=""https://m.media-amazon.com/images/I/216-OX9rBaL._SS200_.png"" height=""50px"" width=""50px""/>  Climate Pledge Friendly|<img alt="""" src=""https://m.media-amazon.com/images/I/31OPjlesFNL._SS200_.png"" height=""50px"" width=""50px""/> EWG Verified",,https://m.media-amazon.com/images/I/71e8G5bExnL._AC_UL320_.jpg|https://m.media-amazon.com/images/I/216-OX9rBaL._SS200_.png|||https://m.media-amazon.com/images/I/71xPNeVrX3L._AC_UL320_.jpg|https://m.media-amazon.com/images/I/216-OX9rBaL._SS200_.png|||https://m.media-amazon.com/images/I/71dF+lm6GiS._AC_UL320_.jpg|https://m.media-amazon.com/images/I/216-OX9rBaL._SS200_.png|||https://m.media-amazon.com/images/I/41FM8RWIbNL._AC_UL320_.jpg|https://m.media-amazon.com/images/I/216-OX9rBaL._SS200_.png|||https://m.media-amazon.com/images/I/71A2Lz0nUwL._AC_UL320_.jpg|https://m.media-amazon.com/images/I/216-OX9rBaL._SS200_.png|||https://m.media-amazon.com/images/I/61dYGOGsTEL._AC_UL320_.jpg|https://m.media-amazon.com/images/I/216-OX9rBaL._SS200_.png|||https://m.media-amazon.com/images/I/51OaFav2N+L._AC_UL320_.jpg|https://m.media-amazon.com/images/I/216-OX9rBaL._SS200_.png|||https://m.media-amazon.com/images/I/71ZWdIa7+NL._AC_UL320_.jpg|https://m.media-amazon.com/images/I/216-OX9rBaL._SS200_.png||
2519,https://aax-us-iad.amazon.com/x/c/RMX4AUfftaB25-0zRDTn6ggAAAGEgdrBZgEAAAH2AQBOL0EgICAgICAgICAgICBOL0EgICAgICAgICAgICAEMb32/https://www.amazon.com/dp/B07W8JJ61X?pd_rd_i=B07W8JJ61X&pf_rd_p=b000e0a0-9e93-480f-bf78-a83c8136dfcb&pf_rd_r=ARRSYCGV8HX9451DSE1F&pd_rd_wg=ys4ue&pd_rd_w=syUkX&pd_rd_r=e5d94b31-39b8-43a8-9de3-78a25ade61bd,"Maybelline Hyper Easy Liquid Pen No-Skip Eyeliner, Satin Finish, Waterproof Formula, Eye Liner Makeup, Pitch Black, 0.018 Fl; Oz",Sponsored,4.4 out of 5 stars,"54,036",$7.98,"FREE delivery Tue, Nov 22 on $25 of items shipped by AmazonOr fastest delivery Fri, Nov 18|",,
2521,https://www.amazon.com/ColorStay-Waterproof-Smudgeproof-Longwearing-Ultra-Fine/dp/B01J1A3TFW/ref=sr_1_14?crid=1JLQLYFE3MRQW&keywords=eyeliner&qid=1668625908&sprefix=eyeliner%2Caps%2C91&sr=8-14,"Revlon ColorStay Pencil Eyeliner with Built-in Sharpener, Waterproof, Smudgeproof, Longwearing Eye Makeup with Ultra-Fine Tip, 201 Black, 2 Pack",2 Count (Pack of 1),4.6 out of 5 stars,"20,402",$10.72,"FREE delivery Tue, Nov 22 on $25 of items shipped by AmazonOr fastest delivery Sat, Nov 19|",B01J1A3TFW,https://m.media-amazon.com/images/I/81RRytp9-+L._AC_UL320_.jpg
2522,https://www.amazon.com/Kiki-Precise-Liquid-Eyeliner-Pen/dp/B01F6B64ES/ref=sr_1_15?crid=1JLQLYFE3MRQW&keywords=eyeliner&qid=1668625908&sprefix=eyeliner%2Caps%2C91&sr=8-15,"kiki Superliner Liquid Eyeliner Pen Black, Smudge proof All Day Vegan Formula, Cruelty Free Smudge Proof All Day","FREE delivery Tue, Nov 22 on $25 of items shipped by AmazonOr fastest delivery Sat, Nov 19",3.8 out of 5 stars,309,$3.99,"FREE delivery Tue, Nov 22 on $25 of items shipped by AmazonOr fastest delivery Sat, Nov 19||Small Business|Small Business|Small Business|<img alt="""" src=""https://m.media-amazon.com/images/I/111mHoVK0kL._SS200_.png"" height=""50px"" width=""50px""/>  Small Business|<img alt="""" src=""https://m.media-amazon.com/images/I/111mHoVK0kL._SS200_.png"" height=""50px"" width=""50px""/>  Small Business",B01F6B64ES,https://m.media-amazon.com/images/I/61-wP13lfzL._AC_UL320_.jpg|https://m.media-amazon.com/images/I/111mHoVK0kL._SS200_.png|
2523,https://www.amazon.com/Colorful-Colored-Eyeliner-Metallic-Waterproof/dp/B08Y96RZV9/ref=sr_1_16?crid=1JLQLYFE3MRQW&keywords=eyeliner&qid=1668625908&sprefix=eyeliner%2Caps%2C91&sr=8-16,"12Pcs Green Blue Brown White Colored Gel Glitter Eyeliner Pencils Pen Set Multicolor lapiz delineadores de colores para ojos contra el agua,Black Eye Liner Gel Pencil for Women Waterproof Smudge Proof",12 Count (Pack of 1),3.8 out of 5 stars,"2,093",$8.98,"FREE delivery Tue, Nov 22 on $25 of items shipped by AmazonOr fastest delivery Fri, Nov 18|",B08Y96RZV9,https://m.media-amazon.com/images/I/719HgRX2ngL._AC_UL320_.jpg
2524,https://www.amazon.com/sspa/click?ie=UTF8&spc=MTo0MDUxNzkyNTI2MDE0MDA4OjE2Njg2MjU5MDg6c3BfbXRmOjIwMDA4NTEyNTI4NTQ5ODo6MDo6&url=%2FKusslippe-Eyeliner-Waterproof-Halloween-Christmas%2Fdp%2FB09SHR41ZR%2Fref%3Dsr_1_17_sspa%3Fcrid%3D1JLQLYFE3MRQW%26keywords%3Deyeliner%26qid%3D1668625908%26sprefix%3Deyeliner%252Caps%252C91%26sr%3D8-17-spons%26sp_csd%3Dd2lkZ2V0TmFtZT1zcF9tdGY%26psc%3D1,"Kusslippe 8 Colors Neon Liquid Eyeliner Set, Long Lasting Colorful UV Glow Rainbow Matte Eyeliner Pen For Body Face Painting, 8 Count (Pack of 1)",Sponsored,4.1 out of 5 stars,18,$15.99,"FREE delivery Tue, Nov 22 on $25 of items shipped by AmazonOr fastest delivery Fri, Nov 18|",B09SHR41ZR,https://m.media-amazon.com/images/I/61BXnqyKAXL._AC_UL320_.jpg
2525,https://www.amazon.com/sspa/click?ie=UTF8&spc=MTo0MDUxNzkyNTI2MDE0MDA4OjE2Njg2MjU5MDg6c3BfbXRmOjIwMDAyNjgyODkyMjM5ODo6MDo6&url=%2FBeauty-Real-I-Line-Eyeliner-Navy%2Fdp%2FB06W9F61CV%2Fref%3Dsr_1_18_sspa%3Fcrid%3D1JLQLYFE3MRQW%26keywords%3Deyeliner%26qid%3D1668625908%26sprefix%3Deyeliner%252Caps%252C91%26sr%3D8-18-spons%26sp_csd%3Dd2lkZ2V0TmFtZT1zcF9tdGY%26psc%3D1,"Beauty For Real I-Line 24-7 Eyeliner, In the Navy - Dark Shimmery Blue - Long-Wearing, Waterproof Gel Formula - Safe for Sensitive Eyes & Contact Lens Wearers - 0.01 oz",Sponsored,4.1 out of 5 stars,"1,376",$16.00,"FREE delivery Tue, Nov 22 on $25 of items shipped by AmazonOr fastest delivery Fri, Nov 18|",B06W9F61CV,https://m.media-amazon.com/images/I/61kmg6wmtyL._AC_UL320_.jpg
2526,https://www.amazon.com/sspa/click?ie=UTF8&spc=MTo0MDUxNzkyNTI2MDE0MDA4OjE2Njg2MjU5MDg6c3BfbXRmOjIwMDA1NjQxMTU2ODA5ODo6MDo6&url=%2FPalladio-Retractable-Waterproof-Pigmented-Application%2Fdp%2FB000E9FY1W%2Fref%3Dsr_1_19_sspa%3Fcrid%3D1JLQLYFE3MRQW%26keywords%3Deyeliner%26qid%3D1668625908%26sprefix%3Deyeliner%252Caps%252C91%26sr%3D8-19-spons%26sp_csd%3Dd2lkZ2V0TmFtZT1zcF9tdGY%26psc%3D1,"Palladio Retractable Waterproof Eyeliner, Richly Pigmented Color and Creamy, Slip Twist Up Pencil Eye Liner, Smudge Proof Long Lasting Application, All Day Wear, No Sharpener Required, Olive",Sponsored,4.3 out of 5 stars,"5,102",$7.99,"FREE delivery Tue, Nov 22 on $25 of items shipped by AmazonOr fastest delivery Fri, Nov 18||Small Business|Small Business|Small Business|<img alt="""" src=""https://m.media-amazon.com/images/I/111mHoVK0kL._SS200_.png"" height=""50px"" width=""50px""/>  Small Business|<img alt="""" src=""https://m.media-amazon.com/images/I/111mHoVK0kL._SS200_.png"" height=""50px"" width=""50px""/>  Small Business",B000E9FY1W,https://m.media-amazon.com/images/I/41CUDb27Y2L._AC_UL320_.jpg|https://m.media-amazon.com/images/I/111mHoVK0kL._SS200_.png|
2527,https://www.amazon.com/sspa/click?ie=UTF8&spc=MTo0MDUxNzkyNTI2MDE0MDA4OjE2Njg2MjU5MDg6c3BfbXRmOjIwMDA5Nzk4NTg3NzUyMTo6MDo6&url=%2FCLIO-Self-Sharpening-Smudge-Resistant-High-Intensity-Ultra-Smooth%2Fdp%2FB07TXHQDN7%2Fref%3Dsr_1_20_sspa%3Fcrid%3D1JLQLYFE3MRQW%26keywords%3Deyeliner%26qid%3D1668625908%26sprefix%3Deyeliner%252Caps%252C91%26sr%3D8-20-spons%26sp_csd%3Dd2lkZ2V0TmFtZT1zcF9tdGY%26psc%3D1,"CLIO Sharp So Simple Waterproof Pencil Eye Liner | Micro Precision Tip (2mm), Twist Up, Self-Sharpening, Long Lasting, Smudge-Resistant, High-Intensity Color, Ultra-Smooth | Black (#01)",Sponsored,4.3 out of 5 stars,"1,857",$9.90,"FREE delivery Tue, Nov 22 on $25 of items shipped by AmazonOr fastest delivery Fri, Nov 18|",B07TXHQDN7,https://m.media-amazon.com/images/I/51sjsP11ksL._AC_UL320_.jpg
2528,https://www.amazon.com/Rimmel-Scandaleyes-Waterproof-Kajal-Liner/dp/B00DNK5UR2/ref=sr_1_21?crid=1JLQLYFE3MRQW&keywords=eyeliner&qid=1668625908&sprefix=eyeliner%2Caps%2C91&sr=8-21,"Rimmel Scandaleyes Waterproof Gel Eye Liner Pencil, Black 001",1 Count (Pack of 1),4.3 out of 5 stars,"26,761",$3.99,"FREE delivery Tue, Nov 22 on $25 of items shipped by AmazonOr fastest delivery Sat, Nov 19|",B00DNK5UR2,https://m.media-amazon.com/images/I/71lC8JV6-CL._AC_UL320_.jpg
2529,https://www.amazon.com/wild-Breakup-Proof-Retractable-Eyeliner-Black/dp/B082YQ5H9V/ref=sr_1_22?crid=1JLQLYFE3MRQW&keywords=eyeliner&qid=1668625908&sprefix=eyeliner%2Caps%2C91&sr=8-22,"Wet n Wild Mega Last Breakup-Proof Liquid Waterproof Eyeliner Black, Brush Tip Pen, Quick Drying, Smudge Resistant, Long Lasting 16 Hour Wear, Precision Brush Applicator, Ultra Fine",$1.88 with Subscribe & Save discountSave 5% on 4 select item(s),4.4 out of 5 stars,"14,704",$1.98,"FREE delivery Tue, Nov 22 on $25 of items shipped by AmazonOr fastest delivery Fri, Nov 18|",B082YQ5H9V,https://m.media-amazon.com/images/I/61q3Pj+v2HL._AC_UL320_.jpg
2530,https://www.amazon.com/Covergirl-Perfect-Liquid-Eyeliner-Onyx-08/dp/B08L95VZQF/ref=sr_1_23?crid=1JLQLYFE3MRQW&keywords=eyeliner&qid=1668625908&sprefix=eyeliner%2Caps%2C91&sr=8-23,"Covergirl Perfect Point Plus Liquid Eyeliner, Black Onyx, .08 Fl. Oz.",0.08 Fl Oz (Pack of 1),4.5 out of 5 stars,"2,219",$6.67,"FREE delivery Tue, Nov 22 on $25 of items shipped by AmazonOr fastest delivery Fri, Nov 18|",B08L95VZQF,https://m.media-amazon.com/images/I/615XgdOcq9L._AC_UL320_.jpg
2531,https://www.amazon.com/Rimmel-Exaggerate-Felt-Liner-Black/dp/B00CMFV5V4/ref=sr_1_24?crid=1JLQLYFE3MRQW&keywords=eyeliner&qid=1668625908&sprefix=eyeliner%2Caps%2C91&sr=8-24,"Rimmel Exaggerate Felt Tip Eye Liner, Black, 0.08 Fl Oz",1 Count (Pack of 1),4.4 out of 5 stars,"2,793",$5.67,"FREE delivery Tue, Nov 22 on $25 of items shipped by AmazonOr fastest delivery Fri, Nov 18|",B00CMFV5V4,https://m.media-amazon.com/images/I/515XyN+smIL._AC_UL320_.jpg
2532,https://www.amazon.com/1Black-Eyeliner-Eyebrow-Brushes-Included/dp/B00T3VL8BC/ref=sr_1_25?crid=1JLQLYFE3MRQW&keywords=eyeliner&qid=1668625908&sprefix=eyeliner%2Caps%2C91&sr=8-25,"UCANBE 2 in 1 Black and Brown Gel Eyeliner Set Water Proof Smudge Proof, Last for All Day Long, Work Great with Eyebrow, 2 Pcs Eye Makeup Brushes Included",4 Piece Set,4.2 out of 5 stars,"11,252",$5.09,"FREE delivery Tue, Nov 22 on $25 of items shipped by AmazonOr fastest delivery Fri, Nov 18|",B00T3VL8BC,https://m.media-amazon.com/images/I/51cyFFOOgwL._AC_UL320_.jpg
2533,https://www.amazon.com/LOKFAR-Double-headed-Waterproof-Long-Lasting-Makeup-Triangle/dp/B08RJFZGSX/ref=sr_1_26?crid=1JLQLYFE3MRQW&keywords=eyeliner&qid=1668625908&sprefix=eyeliner%2Caps%2C91&sr=8-26,"LOKFAR 6 Pcs Double-headed Liquid Eyeliner Stamp Pen Set, Eye Liners for Women Waterproof Eyeliner Pencil Black Eye-liner Stencils Long-Lasting Tattoo Makeup-Triangle, Star, Moon, Heart, Flower, Smiley",6 Count (Pack of 1),4.4 out of 5 stars,"1,934",$9.98,"FREE delivery Tue, Nov 22 on $25 of items shipped by AmazonOr fastest delivery Fri, Nov 18|",B08RJFZGSX,https://m.media-amazon.com/images/I/71SCHVgkrBL._AC_UL320_.jpg
2534,https://www.amazon.com/Revlon-ColorStay-Liquid-Triple-Blackest/dp/B01LPRQ7X0/ref=sr_1_27?crid=1JLQLYFE3MRQW&keywords=eyeliner&qid=1668625908&sprefix=eyeliner%2Caps%2C91&sr=8-27,"Liquid Eyeliner Pen by Revlon, ColorStay Wing Line Eye Makeup, Waterproof, Smudgeproof, Longwearing with Angled Felt Tip, 002 Blackest Black, 0.04 Fl Oz",1 Count (Pack of 1),4.6 out of 5 stars,"3,088",$7.97,"FREE delivery Tue, Nov 22 on $25 of items shipped by AmazonOr fastest delivery Fri, Nov 18|",B01LPRQ7X0,https://m.media-amazon.com/images/I/611l+PIieSL._AC_UL320_.jpg
2535,https://www.amazon.com/LOr%C3%A9al-Paris-Makeup-Infallible-Eyeliner/dp/B004BDVF6A/ref=sr_1_28?crid=1JLQLYFE3MRQW&keywords=eyeliner&qid=1668625908&sprefix=eyeliner%2Caps%2C91&sr=8-28,"L'Oreal Paris Makeup Infallible Never Fail Original Mechanical Pencil Eyeliner with Built in Sharpener, Black, 1 Count",$9.02 with Subscribe & Save discountSave 50% on 1 when you buy 2,4.5 out of 5 stars,"21,900",$9.49,"FREE delivery Tue, Nov 22 on $25 of items shipped by AmazonOr fastest delivery Fri, Nov 18|",B004BDVF6A,https://m.media-amazon.com/images/I/51lx9IUcWzL._AC_UL320_.jpg
2536,https://www.amazon.com/Covergirl-Perfect-Point-Eyeliner-Count/dp/B07HHHDH6R/ref=sr_1_29?crid=1JLQLYFE3MRQW&keywords=eyeliner&qid=1668625908&sprefix=eyeliner%2Caps%2C91&sr=8-29,"Covergirl Perfect Point Plus Self-Sharpening Eyeliner Pencil, Black Onyx, Pack of 2 (Packaging May Vary)",Pack of 2,4.4 out of 5 stars,"31,538",$11.88,"FREE delivery Tue, Nov 22 on $25 of items shipped by AmazonOr fastest delivery Fri, Nov 18|",B07HHHDH6R,https://m.media-amazon.com/images/I/51BRzBEnv1L._AC_UL320_.jpg
2537,https://www.amazon.com/Maybelline-New-York-Tattoostudio-Waterproof/dp/B07GX832KD/ref=sr_1_30?crid=1JLQLYFE3MRQW&keywords=eyeliner&qid=1668625908&sprefix=eyeliner%2Caps%2C91&sr=8-30,"Maybelline New York TattooStudio Waterproof Gel Eyeliner Pencil, Deep Onyx",0.4 Fl Oz (Pack of 1),4.4 out of 5 stars,"28,076",$7.98,"FREE delivery Tue, Nov 22 on $25 of items shipped by AmazonOr fastest delivery Fri, Nov 18|",B07GX832KD,https://m.media-amazon.com/images/I/61Kws0R-6gL._AC_UL320_.jpg
2538,https://www.amazon.com/Maybelline-New-York-Eyestudio-Defining/dp/B0169YXW6O/ref=sr_1_31?crid=1JLQLYFE3MRQW&keywords=eyeliner&qid=1668625908&sprefix=eyeliner%2Caps%2C91&sr=8-31,"Maybelline Master Precise Skinny Gel Eyeliner Pencil, Defining Black, 1 Count",0.35 Ounce (Pack of 1),4.5 out of 5 stars,"4,874",$7.73,"FREE delivery Tue, Nov 22 on $25 of items shipped by AmazonOr fastest delivery Fri, Nov 18|",B0169YXW6O,https://m.media-amazon.com/images/I/7137RkrOVZL._AC_UL320_.jpg
2539,https://www.amazon.com/Rimmel-Exaggerate-SmokeN-Eyeliner-Little/dp/B015JNMLHC/ref=sr_1_32?crid=1JLQLYFE3MRQW&keywords=eyeliner&qid=1668625908&sprefix=eyeliner%2Caps%2C91&sr=8-32,"Rimmel Exaggerate Smoke'N Shine Eyeliner, 001/Little Black Smokey, 0.008 Fluid Ounce, Pack of 1",1 Count (Pack of 1),4.5 out of 5 stars,"9,735",$3.77,"FREE delivery Tue, Nov 22 on $25 of items shipped by AmazonOr fastest delivery Sat, Nov 19|",B015JNMLHC,https://m.media-amazon.com/images/I/51NC9cuYxwL._AC_UL320_.jpg
2540,https://www.amazon.com/sspa/click?ie=UTF8&spc=MTo0MDUxNzkyNTI2MDE0MDA4OjE2Njg2MjU5MDg6c3BfbXRmOjIwMDA5NzEyNzEyMzU5ODo6MDo6&url=%2FWet-Wild-Megaliner-Liquid-Eyeliner%2Fdp%2FB01D8BUHN2%2Fref%3Dsr_1_33_sspa%3Fcrid%3D1JLQLYFE3MRQW%26keywords%3Deyeliner%26qid%3D1668625908%26sprefix%3Deyeliner%252Caps%252C91%26sr%3D8-33-spons%26sp_csd%3Dd2lkZ2V0TmFtZT1zcF9tdGY%26psc%3D1,Wet n Wild MegaLiner Liquid Eyeliner Black Black,Sponsored,4.0 out of 5 stars,"3,077",$3.18,"FREE delivery Tue, Nov 22 on $25 of items shipped by AmazonOr fastest delivery Fri, Nov 18|",B01D8BUHN2,https://m.media-amazon.com/images/I/51tg6QqJt5L._AC_UL320_.jpg
2541,https://www.amazon.com/sspa/click?ie=UTF8&spc=MTo0MDUxNzkyNTI2MDE0MDA4OjE2Njg2MjU5MDg6c3BfbXRmOjIwMDA5NzEyMDI0MDI5ODo6MDo6&url=%2FBreakup-Proof-Retractable-Eyeliner-Blackest-Black%2Fdp%2FB082YPRCMM%2Fref%3Dsr_1_34_sspa%3Fcrid%3D1JLQLYFE3MRQW%26keywords%3Deyeliner%26qid%3D1668625908%26sprefix%3Deyeliner%252Caps%252C91%26sr%3D8-34-spons%26sp_csd%3Dd2lkZ2V0TmFtZT1zcF9tdGY%26psc%3D1,Wet n Wild Breakup Proof Retractable Gel Waterproof Eyeliner | Blackest Black | Quick Drying | Smudge Resistant | Long Lasting 16 Hour Wear | Ultra Fine,Sponsored,4.4 out of 5 stars,"14,704",$1.98,FREE delivery on $25 shipped by Amazon.,B082YPRCMM,https://m.media-amazon.com/images/I/61P5KLFSR+L._AC_UL320_.jpg
2542,https://www.amazon.com/sspa/click?ie=UTF8&spc=MTo0MDUxNzkyNTI2MDE0MDA4OjE2Njg2MjU5MDg6c3BfbXRmOjIwMDEwMDk1MTc1NDk5ODo6MDo6&url=%2FCOLORGRAM-Artist-Formula-Cream-Colors%2Fdp%2FB08SLKQH2T%2Fref%3Dsr_1_35_sspa%3Fcrid%3D1JLQLYFE3MRQW%26keywords%3Deyeliner%26qid%3D1668625908%26sprefix%3Deyeliner%252Caps%252C91%26sr%3D8-35-spons%26sp_csd%3Dd2lkZ2V0TmFtZT1zcF9tdGY%26psc%3D1%26smid%3DA272DJJOLZW4R5,"COLORGRAM Artist Formula Cream Liner - 01 Roasted Brown | Cream Eyeliner, Ultra-pigmented, Long-Lasting, Smudge-Proof, Easy to Use, Daily Makeup 0.25g",Sponsored,4.3 out of 5 stars,380,$8.98,"FREE delivery Tue, Nov 22 on $25 of items shipped by AmazonOr fastest delivery Fri, Nov 18|",B08SLKQH2T,https://m.media-amazon.com/images/I/51xzmgFi26L._AC_UL320_.jpg
2543,https://www.amazon.com/sspa/click?ie=UTF8&spc=MTo0MDUxNzkyNTI2MDE0MDA4OjE2Njg2MjU5MDg6c3BfbXRmOjIwMDAyMjEwNDg2Njc4MTo6MDo6&url=%2FLOreal-Paris-Infallible-Mechanical-Sharpener%2Fdp%2FB005EII5BY%2Fref%3Dsr_1_36_sspa%3Fcrid%3D1JLQLYFE3MRQW%26keywords%3Deyeliner%26qid%3D1668625908%26sprefix%3Deyeliner%252Caps%252C91%26sr%3D8-36-spons%26sp_csd%3Dd2lkZ2V0TmFtZT1zcF9tdGY%26psc%3D1,"L'Oreal Paris Makeup Infallible Never Fail Original Mechanical Pencil Eyeliner with Built in Sharpener, Navy, 0.008 oz.",Sponsored,4.5 out of 5 stars,"21,900",$8.47,"FREE delivery Tue, Nov 22 on $25 of items shipped by AmazonOr fastest delivery Sat, Nov 19|",B005EII5BY,https://m.media-amazon.com/images/I/51qpvinm0TL._AC_UL320_.jpg
2544,https://www.amazon.com/Eyeliner-Pigmented-Waterproof-Smudgeproof-Halloween/dp/B09681X6K9/ref=sr_1_37?crid=1JLQLYFE3MRQW&keywords=eyeliner&qid=1668625908&sprefix=eyeliner%2Caps%2C91&sr=8-37,12 Colors Matte Liquid Eyeliner Set Rainbow Colorful Neon Eyeliner Pencil Pigmented Waterproof Smudgeproof Long Lasting Gel Eye Liner Christmas Makeup Gift Kit for Women (Set A),12 Count (Pack of 1),4.2 out of 5 stars,"2,945",$13.88,"FREE delivery Tue, Nov 22 on $25 of items shipped by AmazonOr fastest delivery Fri, Nov 18|",B09681X6K9,https://m.media-amazon.com/images/I/7167VX5nzEL._AC_UL320_.jpg
2545,https://www.amazon.com/Rimmel-exaggerate-waterproof-definer-blackest/dp/B07NX61ZHN/ref=sr_1_38?crid=1JLQLYFE3MRQW&keywords=eyeliner&qid=1668625908&sprefix=eyeliner%2Caps%2C91&sr=8-38,"Rimmel London exaggerate auto waterproof eye definer in blackest black, 2 Count",2 Count (Pack of 1),4.6 out of 5 stars,"15,097",$6.97,"FREE delivery Tue, Nov 22 on $25 of items shipped by AmazonOr fastest delivery Fri, Nov 18|",B07NX61ZHN,https://m.media-amazon.com/images/I/51AzOAWnQrL._AC_UL320_.jpg
2546,https://www.amazon.com/Maybelline-New-York-Eyeliner-Waterproof/dp/B07W8JJ61X/ref=sr_1_39?crid=1JLQLYFE3MRQW&keywords=eyeliner&qid=1668625908&sprefix=eyeliner%2Caps%2C91&sr=8-39,"Maybelline Hyper Easy Liquid Pen No-Skip Eyeliner, Satin Finish, Waterproof Formula, Eye Liner Makeup, Pitch Black, 0.018 Fl; Oz",0.18 Fl Oz (Pack of 1),4.4 out of 5 stars,"54,036",$7.98,"FREE delivery Tue, Nov 22 on $25 of items shipped by AmazonOr fastest delivery Fri, Nov 18|",B07W8JJ61X,https://m.media-amazon.com/images/I/61UyrYQ2BrL._AC_UL320_.jpg
2547,https://www.amazon.com/LOreal-Paris-Infallible-Mechanical-Sharpener/dp/B004BCTAJA/ref=sr_1_40?crid=1JLQLYFE3MRQW&keywords=eyeliner&qid=1668625908&sprefix=eyeliner%2Caps%2C91&sr=8-40,"L'Oreal Paris Makeup Infallible Never Fail Original Mechanical Pencil Eyeliner with Built in Sharpener, Brown, 0.008 oz.",$8.05 with Subscribe & Save discount$0.60 coupon applied at checkoutSave $0.60  with coupon,4.5 out of 5 stars,"21,900",$8.47,"FREE delivery Tue, Nov 22 on $25 of items shipped by AmazonOr fastest delivery Fri, Nov 18|",B004BCTAJA,https://m.media-amazon.com/images/I/41AtIkEKFBL._AC_UL320_.jpg
2548,https://www.amazon.com/COVERGIRL-Eyeliner-Sharpening-Blending-packaging/dp/B001SYWTFG/ref=sr_1_41?crid=1JLQLYFE3MRQW&keywords=eyeliner&qid=1668625908&sprefix=eyeliner%2Caps%2C91&sr=8-41,"COVERGIRL Perfect Point Plus Eyeliner Pencil, Black Onyx Pack of 1, Long-Lasting, Versatile Black Eyeliner, Soft Smudging Tip, No Sharpening Needed",Pack of 1,4.4 out of 5 stars,"31,538",$4.79,"FREE delivery Tue, Nov 22 on $25 of items shipped by AmazonOr fastest delivery Fri, Nov 18|",B001SYWTFG,https://m.media-amazon.com/images/I/61lalzREQzL._AC_UL320_.jpg
2549,https://www.amazon.com/Maybelline-Eyestudio-Master-Precise-Eyeliner/dp/B07BHBK5FX/ref=sr_1_42?crid=1JLQLYFE3MRQW&keywords=eyeliner&qid=1668625908&sprefix=eyeliner%2Caps%2C91&sr=8-42,"Maybelline Eyestudio Master Precise All Day Waterproof Liquid Eyeliner, Forest Brown, 1 Count",$6.23 with Subscribe & Save discountSave 5% on 4 select item(s),4.5 out of 5 stars,"29,050",$6.56,"FREE delivery Tue, Nov 22 on $25 of items shipped by AmazonOr fastest delivery Fri, Nov 18|",B07BHBK5FX,https://m.media-amazon.com/images/I/6138ONfbvVL._AC_UL320_.jpg
2550,https://www.amazon.com/Maybelline-New-York-Eyeliner-Brownish/dp/B078JDYPYT/ref=sr_1_43?crid=1JLQLYFE3MRQW&keywords=eyeliner&qid=1668625908&sprefix=eyeliner%2Caps%2C91&sr=8-43,"Maybelline New York Define-a-line Eyeliner Makeup, Brownish Black (Pack of 2)",0.01 Ounce(Pack of 2),4.6 out of 5 stars,"5,442",$15.38,"FREE delivery Tue, Nov 22 on $25 of items shipped by AmazonOr fastest delivery Fri, Nov 18|",B078JDYPYT,https://m.media-amazon.com/images/I/71ypRGMlBLL._AC_UL320_.jpg
2551,https://www.amazon.com/wet-wild-Color-Liner-Pencil/dp/B00WT1QGCO/ref=sr_1_44?crid=1JLQLYFE3MRQW&keywords=eyeliner&qid=1668625908&sprefix=eyeliner%2Caps%2C91&sr=8-44,Wet n Wild Color Icon Kohl Eyeliner Pencil Baby's Got Black,1 Count (Pack of 1),4.5 out of 5 stars,"4,492",$0.99,"FREE delivery Tue, Nov 22 on $25 of items shipped by AmazonOr fastest delivery Fri, Nov 18|",B00WT1QGCO,https://m.media-amazon.com/images/I/71q8o5UG0PL._AC_UL320_.jpg
2552,https://www.amazon.com/Physicians-Formula-Eye-Boosting-Serum/dp/B004HYRH06/ref=sr_1_45?crid=1JLQLYFE3MRQW&keywords=eyeliner&qid=1668625908&sprefix=eyeliner%2Caps%2C91&sr=8-45,"Physicians Formula Eye Booster 2-in-1 Lash Boosting Eyeliner + Serum, Ultra Black, 0.016 Fl Oz (Pack of 1)",$8.53 with Subscribe & Save discountSave 5% on 4 select item(s),4.4 out of 5 stars,"10,167",$8.98,"FREE delivery Tue, Nov 22 on $25 of items shipped by AmazonOr fastest delivery Sat, Nov 19|",B004HYRH06,https://m.media-amazon.com/images/I/513B-H9rvML._AC_UL320_.jpg
2553,https://www.amazon.com/INGLOT-Duraline-Eyeliner-Black-Matte/dp/B01HHG5YKK/ref=sr_1_46?crid=1JLQLYFE3MRQW&keywords=eyeliner&qid=1668625908&sprefix=eyeliner%2Caps%2C91&sr=8-46,INGLOT AMC Eyeliner Gel 77 | Gel Eyeliner Matte | Black Eyeliner | High Intensity Pigments | 5.5 g | 0.19 US OZ,0.19 Ounce (Pack of 1),4.6 out of 5 stars,"1,680",$17.95,FREE delivery on $25 shipped by Amazon.,B01HHG5YKK,https://m.media-amazon.com/images/I/61xxutw2izL._AC_UL320_.jpg
2554,https://www.amazon.com/Rimmel-Exaggerate-Waterproof-Definer-Brown/dp/B00ONSK1J0/ref=sr_1_47?crid=1JLQLYFE3MRQW&keywords=eyeliner&qid=1668625908&sprefix=eyeliner%2Caps%2C91&sr=8-47,"Rimmel Exaggerate Waterproof Eye Definer, 212 Rich Brown, 1 Count",1 Count (Pack of 1),4.5 out of 5 stars,"9,735",$4.44,"FREE delivery Tue, Nov 22 on $25 of items shipped by AmazonOr fastest delivery Fri, Nov 18|",B00ONSK1J0,https://m.media-amazon.com/images/I/51dxaBi1IsL._AC_UL320_.jpg
2555,https://www.amazon.com/LOreal-Paris-Infallible-Precision-Waterproof/dp/B09S8HDMJM/ref=sr_1_48?crid=1JLQLYFE3MRQW&keywords=eyeliner&qid=1668625908&sprefix=eyeliner%2Caps%2C91&sr=8-48,"L'Oreal Paris L’Oreal Paris Makeup Infallible Grip Precision Felt Eyeliner, Smudge Resistant, Long Lasting Waterproof Eyeliner, Grey, Grey, 0.03 fl oz",0.03 Fl Oz (Pack of 1),4.3 out of 5 stars,713,$8.99,"FREE delivery Tue, Nov 22 on $25 of items shipped by AmazonOr fastest delivery Fri, Nov 18|",B09S8HDMJM,https://m.media-amazon.com/images/I/61R+E-8BUgL._AC_UL320_.jpg
2556,https://www.amazon.com/MISS-ROSE-Waterproof-Eye-liner-Eye-liners/dp/B09D3MLMLZ/ref=sr_1_49?crid=1JLQLYFE3MRQW&keywords=eyeliner&qid=1668625908&sprefix=eyeliner%2Caps%2C91&sr=8-49,"MISS ROSE M Black Gel Eyeliner,Cream Eyeliner Tool Smudge Proof Eyeliner Pencil,Matte Black Eye-liner Pencil Tattoo Eyeliner Pen, Eyeliner Gel Stick Makeup Eye-liners for Women Girls (Black)",1 Count (Pack of 1),3.9 out of 5 stars,756,$5.99,"FREE delivery Tue, Nov 22 on $25 of items shipped by AmazonOr fastest delivery Sat, Nov 19|",B09D3MLMLZ,https://m.media-amazon.com/images/I/61zBxEYvtWL._AC_UL320_.jpg
2557,https://www.amazon.com/Paris-Infallible-Long-Lasting-Eyeliner-Ultra-Fine/dp/B00B1DRA94/ref=sr_1_50?crid=1JLQLYFE3MRQW&keywords=eyeliner&qid=1668625908&sprefix=eyeliner%2Caps%2C91&sr=8-50,"L'Oreal Paris Makeup Infallible Super Slim Long-Lasting Liquid Eyeliner, Ultra-Fine Felt Tip, Quick Drying Formula, Glides on Smoothly, Black, Pack of 1",1 Count (Pack of 1),4.3 out of 5 stars,"12,843",$7.39,FREE delivery on $25 shipped by Amazon.,B00B1DRA94,https://m.media-amazon.com/images/I/51NAk2cVuOL._AC_UL320_.jpg
2558,https://www.amazon.com/Benefit-Roller-Liner-Eyeliner-Black/dp/B07NPSLCK2/ref=sr_1_51?crid=1JLQLYFE3MRQW&keywords=eyeliner&qid=1668625908&sprefix=eyeliner%2Caps%2C91&sr=8-51,Benefit Roller Liner Black True Matte Liquid Eyeliner 0.03 Fl Oz,1 Count (Pack of 1),4.7 out of 5 stars,567,$19.00,"FREE delivery Mon, Nov 28 on $25 of items shipped by AmazonOr fastest delivery Sat, Nov 19|",B07NPSLCK2,https://m.media-amazon.com/images/I/51EEyZSEmkL._AC_UL320_.jpg
2559,https://www.amazon.com/NYX-Mechanical-Pencil-Gypsy-Blue/dp/B005G9EAH4/ref=sr_1_52?crid=1JLQLYFE3MRQW&keywords=eyeliner&qid=1668625908&sprefix=eyeliner%2Caps%2C91&sr=8-52,"NYX PROFESSIONAL MAKEUP Mechanical Eyeliner Pencil, Gypsy Blue",1 Count (Pack of 1),4.5 out of 5 stars,"91,560",$5.45,"FREE delivery Tue, Nov 22 on $25 of items shipped by AmazonOr fastest delivery Fri, Nov 18|",B005G9EAH4,https://m.media-amazon.com/images/I/51YkhYWLmgL._AC_UL320_.jpg
2560,https://www.amazon.com/COVERGIRL-Perfect-Waterproof-Eyeliner-packaging/dp/B00C67ED30/ref=sr_1_53?crid=1JLQLYFE3MRQW&keywords=eyeliner&qid=1668625908&sprefix=eyeliner%2Caps%2C91&sr=8-53,"COVERGIRL Ink It By Perfect Point Plus Long Lasting Waterproof Eyeliner, Black, 0.012 Oz (Pack of 1)",1 Count (Pack of 1),4.5 out of 5 stars,"9,652",$3.95,"FREE delivery Tue, Nov 22 on $25 of items shipped by AmazonOr fastest delivery Fri, Nov 18|",B00C67ED30,https://m.media-amazon.com/images/I/41mBOfE5gTL._AC_UL320_.jpg
2561,https://www.amazon.com/NYX-PROFESSIONAL-MAKEUP-Jumbo-Pencil/dp/B001TJZO1Q/ref=sr_1_54?crid=1JLQLYFE3MRQW&keywords=eyeliner&qid=1668625908&sprefix=eyeliner%2Caps%2C91&sr=8-54,"NYX PROFESSIONAL MAKEUP Jumbo Eye Pencil, Eyeshadow & Eyeliner Pencil - Iced Mocha",1 Count (Pack of 1),4.3 out of 5 stars,"52,231",$4.50,"FREE delivery Tue, Nov 22 on $25 of items shipped by AmazonOr fastest delivery Fri, Nov 18|",B001TJZO1Q,https://m.media-amazon.com/images/I/817YnM1iYGS._AC_UL320_.jpg
2562,https://www.amazon.com/ColorStay-Waterproof-Smudgeproof-Longwearing-Ultra-Fine/dp/B000H3GCLQ/ref=sr_1_55?crid=1JLQLYFE3MRQW&keywords=eyeliner&qid=1668625908&sprefix=eyeliner%2Caps%2C91&sr=8-55,"Pencil Eyeliner by Revlon, ColorStay Eye Makeup with Built-in Sharpener, Waterproof, Smudgeproof, Longwearing with Ultra-Fine Tip, 204 Charcoal, 0.01 Oz",1 Count (Pack of 1),4.6 out of 5 stars,"20,402",$6.97,FREE delivery on $25 shipped by Amazon.,B000H3GCLQ,https://m.media-amazon.com/images/I/71p1kBUrX4L._AC_UL320_.jpg
2563,https://www.amazon.com/Rimmel-Exaggerate-Definer-Brown-Fluid/dp/B00LWK7ISY/ref=sr_1_56?crid=1JLQLYFE3MRQW&keywords=eyeliner&qid=1668625908&sprefix=eyeliner%2Caps%2C91&sr=8-56,"Rimmel Exaggerate Eye Definer, Rich Brown, 0.01 Fluid Ounce",1 Count (Pack of 1),4.6 out of 5 stars,"15,097",$4.44,"FREE delivery Tue, Nov 22 on $25 of items shipped by AmazonOr fastest delivery Fri, Nov 18|",B00LWK7ISY,https://m.media-amazon.com/images/I/61MD4E1peRL._AC_UL320_.jpg
2564,https://www.amazon.com/LOr%C3%A9al-Paris-Extra-Intense-Eyeliner-Packaging/dp/B004BCT9AK/ref=sr_1_57?crid=1JLQLYFE3MRQW&keywords=eyeliner&qid=1668625908&sprefix=eyeliner%2Caps%2C91&sr=8-57,"L'Oreal Paris Extra-Intense Pencil Eyeliner, Black, 0.03 oz; (Packaging May Vary)",0.03 Ounce (Pack of 1),4.7 out of 5 stars,655,$6.77,"FREE delivery Tue, Nov 22 on $25 of items shipped by AmazonOr fastest delivery Fri, Nov 18|",B004BCT9AK,https://m.media-amazon.com/images/I/5159LQvIP3L._AC_UL320_.jpg
2565,https://www.amazon.com/Breakup-Proof-Retractable-Eyeliner-Blackest-Black/dp/B082YPRCMM/ref=sr_1_58?crid=1JLQLYFE3MRQW&keywords=eyeliner&qid=1668625908&sprefix=eyeliner%2Caps%2C91&sr=8-58,Wet n Wild Breakup Proof Retractable Gel Waterproof Eyeliner | Blackest Black | Quick Drying | Smudge Resistant | Long Lasting 16 Hour Wear | Ultra Fine,FREE delivery on $25 shipped by Amazon.,4.4 out of 5 stars,"14,704",$1.98,FREE delivery on $25 shipped by Amazon.,B082YPRCMM,https://m.media-amazon.com/images/I/61P5KLFSR+L._AC_UL320_.jpg
2566,https://www.amazon.com/Maybelline-New-York-Lasting-Eyeliner/dp/B07MD4SSQC/ref=sr_1_59?crid=1JLQLYFE3MRQW&keywords=eyeliner&qid=1668625908&sprefix=eyeliner%2Caps%2C91&sr=8-59,"Maybelline New York Eyeliner, Lasting Drama Waterproof Matte Gel Eyeliner Pencil, Jet Black, 2 Count",2 Count (Pack of 1),4.5 out of 5 stars,"3,994",$11.96,"FREE delivery Tue, Nov 22 on $25 of items shipped by AmazonOr fastest delivery Fri, Nov 18|",B07MD4SSQC,https://m.media-amazon.com/images/I/61KIdXNc+BL._AC_UL320_.jpg
2567,https://www.amazon.com/Colorful-Eyeliner-Metallic-Glitter-Professional/dp/B092ZJ9FX9/ref=sr_1_60?crid=1JLQLYFE3MRQW&keywords=eyeliner&qid=1668625908&sprefix=eyeliner%2Caps%2C91&sr=8-60,"15 Colorful Eyeliner Pen Set, Eye Shadow Pencil, Pearl Eyeliner Kit Metallic Eyeliner Pencil Glitter Eyeliner for Women Eye&Lip Liner Professional Colorful Eyeliner Eye Color Eye Makeup Set(15PCS)",15 Count (Pack of 1),4.2 out of 5 stars,"1,675",$9.99,"FREE delivery Tue, Nov 22 on $25 of items shipped by AmazonOr fastest delivery Fri, Nov 18|",B092ZJ9FX9,https://m.media-amazon.com/images/I/819JCNnKl6S._AC_UL320_.jpg
2568,https://aax-us-iad.amazon.com/x/c/RKdhrUXGm3XwjxbIy9EjdcAAAAGEgdrBawEAAAH2AQBOL0EgICAgICAgICAgICBOL0EgICAgICAgICAgICAxiKbc/https://www.amazon.com/dp/B08SHJ1WP3?pd_rd_i=B08SHJ1WP3&pf_rd_p=55defc4a-7c1e-47a7-8d1d-5cc458cca688&pf_rd_r=ARRSYCGV8HX9451DSE1F&pd_rd_wg=svjji&pd_rd_w=KaA1d&pd_rd_r=86089a67-2609-4b36-8ada-ace49135806a,"iMethod Eyeliner Stamp - NEW 2 Pens Winged Eyeliner Stamp, for All Eye Shapes, Winged Eyeliner Stamp, Perfect Wing Cat Eye Liner, Waterproof & Smudge-proof, 10 mm",Sponsored,4.2 out of 5 stars,"31,596",$12.97,"FREE delivery Tue, Nov 22 on $25 of items shipped by AmazonOr fastest delivery Fri, Nov 18|",,
2575,https://www.amazon.com/sspa/click?ie=UTF8&spc=MTo1ODI1MDkzNjQwOTM4MjI6MTY2ODYyNTkyMzpzcF9hdGY6MjAwMDkyNjEwNjE2Njk4OjowOjo&url=%2FAlmay-Complexion-Treatment-Lightweight-Hypoallergenic%2Fdp%2FB09HSQF58Q%2Fref%3Dsr_1_1_sspa%3Fcrid%3D1OEXB3S7V0O0A%26keywords%3Dconcealer%26qid%3D1668625923%26sprefix%3Dconcealer%252Caps%252C98%26sr%3D8-1-spons%26sp_csd%3Dd2lkZ2V0TmFtZT1zcF9hdGY%26psc%3D1,"Almay Clear Complexion Acne & Blemish Spot Treatment Concealer Makeup with Salicylic Acid- Lightweight, Full Coverage, Hypoallergenic, Fragrance-Free, for Sensitive Skin, 200 Light/Medium, 0.3 fl oz.",Sponsored,4.6 out of 5 stars,"4,320",$7.67,"FREE delivery Tue, Nov 22 on $25 of items shipped by AmazonOr fastest delivery Mon, Nov 21|",B09HSQF58Q,https://m.media-amazon.com/images/I/71HJhIoYR5L._AC_UL320_.jpg
2576,https://www.amazon.com/sspa/click?ie=UTF8&spc=MTo1ODI1MDkzNjQwOTM4MjI6MTY2ODYyNTkyMzpzcF9hdGY6MjAwMDE2OTQ3MTY0MDUxOjowOjo&url=%2FCover-Perfection-Concealer-SPF28-Light%2Fdp%2FB077ZP8GG9%2Fref%3Dsr_1_2_sspa%3Fcrid%3D1OEXB3S7V0O0A%26keywords%3Dconcealer%26qid%3D1668625923%26sprefix%3Dconcealer%252Caps%252C98%26sr%3D8-2-spons%26sp_csd%3Dd2lkZ2V0TmFtZT1zcF9hdGY%26psc%3D1,"[the SAEM] Cover Perfection Tip Concealer SPF28 PA++ 6.5g - High Adherence Concealer without Clumping and Cracking, Covers Blemishes, Freckles and Dark Circles #1.25 Light Beige",Sponsored,4.3 out of 5 stars,"2,750",$6.99,"FREE delivery Tue, Nov 22 on $25 of items shipped by AmazonOr fastest delivery Sun, Nov 20|",B077ZP8GG9,https://m.media-amazon.com/images/I/61NrKE5DXFL._AC_UL320_.jpg
2577,https://www.amazon.com/sspa/click?ie=UTF8&spc=MTo1ODI1MDkzNjQwOTM4MjI6MTY2ODYyNTkyMzpzcF9hdGY6MjAwMDYzMjY5NzU5NDk4OjowOjo&url=%2FPREMIUM-Liquid-Multi-Use-Concealer-Perfect%2Fdp%2FB09K4LNQ2P%2Fref%3Dsr_1_3_sspa%3Fcrid%3D1OEXB3S7V0O0A%26keywords%3Dconcealer%26qid%3D1668625923%26sprefix%3Dconcealer%252Caps%252C98%26sr%3D8-3-spons%26sp_csd%3Dd2lkZ2V0TmFtZT1zcF9hdGY%26psc%3D1,"HIDE PREMIUM Liquid Multi-Use Concealer, SEE SHADE FINDER Below For Perfect Match, Large Bottle 0.5 fl. oz. - Full Coverage Concealer Makeup for Acne Dark Spots Dark Circles Hyperpigmentation and Blemishes Oil Free Concealer, Color For All Skin Types (Natural Beige)",Sponsored,3.9 out of 5 stars,"1,570",$23.77,"FREE delivery Tue, Nov 22 on $25 of items shipped by AmazonOr fastest delivery Fri, Nov 18|",B09K4LNQ2P,https://m.media-amazon.com/images/I/619sGkvTUKL._AC_UL320_.jpg
2578,https://www.amazon.com/sspa/click?ie=UTF8&spc=MTo1ODI1MDkzNjQwOTM4MjI6MTY2ODYyNTkyMzpzcF9hdGY6MjAwMDYzMjMyOTI1Njk4OjowOjo&url=%2FCosmetics-Under-Eye-40-Light-Natural%2Fdp%2FB07GFPY6V9%2Fref%3Dsr_1_4_sspa%3Fcrid%3D1OEXB3S7V0O0A%26keywords%3Dconcealer%26qid%3D1668625923%26sprefix%3Dconcealer%252Caps%252C98%26sr%3D8-4-spons%26sp_csd%3Dd2lkZ2V0TmFtZT1zcF9hdGY%26psc%3D1%26smid%3DA32GOXAC8X4KTS,"it COSMETICS Bye Bye Under Eye, 13.0 Light Natural (N) - Full-Coverage, Anti-Aging, Waterproof Concealer - Improves the Appearance of Dark Circles, Wrinkles & Imperfections - 0.4 fl oz",Sponsored,4.5 out of 5 stars,"14,586",$29.00,"FREE delivery Tue, Nov 22 Or fastest delivery Fri, Nov 18||Small Business|Small Business|Small Business|<img alt="""" src=""https://m.media-amazon.com/images/I/111mHoVK0kL._SS200_.png"" height=""50px"" width=""50px""/>  Small Business|<img alt="""" src=""https://m.media-amazon.com/images/I/111mHoVK0kL._SS200_.png"" height=""50px"" width=""50px""/>  Small Business",B07GFPY6V9,https://m.media-amazon.com/images/I/611a5Kx7bSL._AC_UL320_.jpg|https://m.media-amazon.com/images/I/111mHoVK0kL._SS200_.png|
2579,https://www.amazon.com/Maybelline-Instant-Circles-Treatment-Concealer/dp/B004Y9GTYE/ref=sr_1_5?crid=1OEXB3S7V0O0A&keywords=concealer&qid=1668625923&sprefix=concealer%2Caps%2C98&sr=8-5,"Maybelline Instant Age Rewind Eraser Dark Circles Treatment Multi-Use Concealer, 120, 1 Count (Packaging May Vary)",0.2 Fl Oz (Pack of 1),4.4 out of 5 stars,"165,559",$8.80,"FREE delivery Tue, Nov 22 on $25 of items shipped by AmazonOr fastest delivery Fri, Nov 18|",B004Y9GTYE,https://m.media-amazon.com/images/I/611iMz35GNL._AC_UL320_.jpg
2580,https://www.amazon.com/NYX-PROFESSIONAL-MAKEUP-Photogenic-Concealer/dp/B076BZPGB8/ref=sr_1_6?crid=1OEXB3S7V0O0A&keywords=concealer&qid=1668625923&sprefix=concealer%2Caps%2C98&sr=8-6,"NYX PROFESSIONAL MAKEUP HD Studio Photogenic Concealer Wand, Medium Coverage - Alabaster",1 Count (Pack of 1),4.3 out of 5 stars,"38,798",$4.97,"FREE delivery Tue, Nov 22 on $25 of items shipped by AmazonOr fastest delivery Fri, Nov 18|",B076BZPGB8,https://m.media-amazon.com/images/I/61Z0cuJIDmL._AC_UL320_.jpg
2581,https://www.amazon.com/l-f-Cosmetics-Hydrating-Concealer-Full-coverage/dp/B07ZR1CQHP/ref=sr_1_7?crid=1OEXB3S7V0O0A&keywords=concealer&qid=1668625923&sprefix=concealer%2Caps%2C98&sr=8-7,"e.l.f, Hydrating Camo Concealer, Lightweight, Full Coverage, Long Lasting, Conceals, Corrects, Covers, Hydrates, Highlights, Fair Beige, Satin Finish, 25 Shades, All-Day Wear, 0.20 Fl Oz",0.2 Fl Oz (Pack of 1),4.4 out of 5 stars,"22,682",$6.34,"FREE delivery Tue, Nov 22 on $25 of items shipped by AmazonOr fastest delivery Fri, Nov 18|",B07ZR1CQHP,https://m.media-amazon.com/images/I/51uaEfru4zL._AC_UL320_.jpg
2582,https://aax-us-iad.amazon.com/x/c/RCDQKTz26zQIyYBGWjFK8ycAAAGEgdr8qAEAAAH2AQBOL0EgICAgICAgICAgICBOL0EgICAgICAgICAgICCRuHEx/https://www.amazon.com/dp/B004Y9GTYE?pd_rd_i=B004Y9GTYE&pf_rd_p=b000e0a0-9e93-480f-bf78-a83c8136dfcb&pf_rd_r=B2ZAJYB0F5V085H2FE2F&pd_rd_wg=V5HHr&pd_rd_w=XVArW&pd_rd_r=142da918-6d57-40b1-92de-b68e65f61d48,"Maybelline Instant Age Rewind Eraser Dark Circles Treatment Multi-Use Concealer, 120, 1 Count (Packaging May Vary)",Sponsored,4.4 out of 5 stars,"165,559",$8.80,"FREE delivery Tue, Nov 22 on $25 of items shipped by AmazonOr fastest delivery Fri, Nov 18|",,
2584,https://www.amazon.com/L-Girl-Conceal-Concealer/dp/B009WI04PM/ref=sr_1_8?crid=1OEXB3S7V0O0A&keywords=concealer&qid=1668625923&sprefix=concealer%2Caps%2C98&sr=8-8,"L.A. Girl Pro Conceal HD Concealer, Warm Honey, 0.28 Ounce",0.28 Ounce (Pack of 1),4.3 out of 5 stars,"34,084",$4.95,"FREE delivery Tue, Nov 22 on $25 of items shipped by AmazonOr fastest delivery Fri, Nov 18|",B009WI04PM,https://m.media-amazon.com/images/I/514pRZ0RSlL._AC_UL320_.jpg
2585,https://www.amazon.com/l-f-Cosmetics-Concealer-Full-coverage-Formula/dp/B07V78WB6B/ref=sr_1_9?crid=1OEXB3S7V0O0A&keywords=concealer&qid=1668625923&sprefix=concealer%2Caps%2C98&sr=8-9,"e.l.f. 16HR Camo Concealer, Full Coverage, Highly Pigmented Concealer With Matte Finish, Crease-proof, Vegan & Cruelty-Free, Light Sand, 0.2 Fl Oz",0.2 Fl Oz (Pack of 1),4.3 out of 5 stars,"43,554",$7.00,"FREE delivery Tue, Nov 22 on $25 of items shipped by AmazonOr fastest delivery Fri, Nov 18|",B07V78WB6B,https://m.media-amazon.com/images/I/61hV0ogNLoL._AC_UL320_.jpg
2586,https://www.amazon.com/NYX-PROFESSIONAL-MAKEUP-Contour-Concealer/dp/B07KBD89TB/ref=sr_1_10?crid=1OEXB3S7V0O0A&keywords=concealer&qid=1668625923&sprefix=concealer%2Caps%2C98&sr=8-10,"NYX PROFESSIONAL MAKEUP Can't Stop Won't Stop Contour Concealer, 24h Full Coverage Matte Finish - Fair",0.11 Fl Oz (Pack of 1),4.4 out of 5 stars,"28,217",$4.97,"FREE delivery Tue, Nov 22 on $25 of items shipped by AmazonOr fastest delivery Fri, Nov 18|",B07KBD89TB,https://m.media-amazon.com/images/I/51cIJOizU5L._AC_UL320_.jpg
2587,https://www.amazon.com/Kosas-Revealer-Concealer-Creamy-Brightening/dp/B08DSSBJH6/ref=sr_1_11?crid=1OEXB3S7V0O0A&keywords=concealer&qid=1668625923&sprefix=concealer%2Caps%2C98&sr=8-11,"Kosas Revealer Concealer | Medium Coverage Concealer,(Tone 04)",0.2 Ounce (Pack of 1),4.4 out of 5 stars,261,$28.00,"FREE delivery Tue, Nov 22 Or fastest delivery Fri, Nov 18|",B08DSSBJH6,https://m.media-amazon.com/images/I/61ZBHTqU3yL._AC_UL320_.jpg
2588,https://www.amazon.com/Maybelline-Brightening-Under-eye-Concealer-Applicator/dp/B07PJZ64GW/ref=sr_1_12?crid=1OEXB3S7V0O0A&keywords=concealer&qid=1668625923&sprefix=concealer%2Caps%2C98&sr=8-12,"Maybelline Super Stay Super Stay Full Coverage, Brightening, Long Lasting, Under-eye Concealer Liquid Makeup For Up To 24H Wear, With Paddle Applicator, Honey, 0.23 fl. oz.",0.23 Fl Oz (Pack of 1),4.3 out of 5 stars,"3,746",$3.99,"FREE delivery Tue, Nov 22 on $25 of items shipped by AmazonOr fastest delivery Sat, Nov 19|",B07PJZ64GW,https://m.media-amazon.com/images/I/61KxQ2K7C6S._AC_UL320_.jpg
2589,https://www.amazon.com/Tarte-Creaseless-Undereye-Concealer-Medium/dp/B07DYJY5D4/ref=sr_1_13?crid=1OEXB3S7V0O0A&keywords=concealer&qid=1668625923&sprefix=concealer%2Caps%2C98&sr=8-13,Tarte Creaseless Undereye Concealer 25S Light Medium Sand,0.22 Ounce (Pack of 1),4.5 out of 5 stars,"1,258",$13.48,"FREE delivery Tue, Nov 22 on $25 of items shipped by AmazonOr fastest delivery Fri, Nov 18|",B07DYJY5D4,https://m.media-amazon.com/images/I/51e5WaT2rqL._AC_UL320_.jpg
2590,https://www.amazon.com/sspa/click?ie=UTF8&spc=MTo0MDY4NzY2NTkzMTMwMjE3OjE2Njg2MjU5MjM6c3Bfc2VhcmNoX3RoZW1hdGljOjIwMDA5MjYxMDYxNjY5ODo6MDo6&url=%2FAlmay-Complexion-Treatment-Lightweight-Hypoallergenic%2Fdp%2FB09HSQF58Q%2Fref%3Dsxin_24_pa_sp_search_thematic_sspa%3Fcontent-id%3Damzn1.sym.9c246b91-3d49-4e6c-8ff6-5b6e9a100bd4%253Aamzn1.sym.9c246b91-3d49-4e6c-8ff6-5b6e9a100bd4%26crid%3D1OEXB3S7V0O0A%26cv_ct_cx%3Dconcealer%26keywords%3Dconcealer%26pd_rd_i%3DB09HSQF58Q%26pd_rd_r%3D142da918-6d57-40b1-92de-b68e65f61d48%26pd_rd_w%3DcyVin%26pd_rd_wg%3DV5HHr%26pf_rd_p%3D9c246b91-3d49-4e6c-8ff6-5b6e9a100bd4%26pf_rd_r%3DB2ZAJYB0F5V085H2FE2F%26qid%3D1668625923%26sprefix%3Dconcealer%252Caps%252C98%26sr%3D1-1-a43b4223-fbe9-48b0-af69-6d70cf84978b-spons%26sp_csd%3Dd2lkZ2V0TmFtZT1zcF9zZWFyY2hfdGhlbWF0aWM%26psc%3D1,"Almay Clear Complexion Acne & Blemish Spot Treatment Concealer Makeup with Salicylic Acid- Lightweight, Full Coverage, Hypoallergenic, Fragrance-Free, for Sensitive Skin, 200 Light/Medium, 0.3 fl oz.",Sponsored,4.6 out of 5 stars|4.4 out of 5 stars|4.4 out of 5 stars|4.3 out of 5 stars|4.3 out of 5 stars,"4,320|165,559|22,682|43,554|34,084",$7.67,,,https://m.media-amazon.com/images/I/71HJhIoYR5L._AC_UL320_.jpg|https://m.media-amazon.com/images/I/611iMz35GNL._AC_UL320_.jpg|https://m.media-amazon.com/images/I/51uaEfru4zL._AC_UL320_.jpg|https://m.media-amazon.com/images/I/61hV0ogNLoL._AC_UL320_.jpg|https://m.media-amazon.com/images/I/514pRZ0RSlL._AC_UL320_.jpg
2591,https://www.amazon.com/sspa/click?ie=UTF8&spc=MTo0MDY4NzY2NTkzMTMwMjE3OjE2Njg2MjU5MjM6c3Bfc2VhcmNoX3RoZW1hdGljOjIwMDA5MjYxMDYxNjY5ODo6MDo6&url=%2FAlmay-Complexion-Treatment-Lightweight-Hypoallergenic%2Fdp%2FB09HSQF58Q%2Fref%3Dsxin_24_pa_sp_search_thematic_sspa%3Fcontent-id%3Damzn1.sym.9c246b91-3d49-4e6c-8ff6-5b6e9a100bd4%253Aamzn1.sym.9c246b91-3d49-4e6c-8ff6-5b6e9a100bd4%26crid%3D1OEXB3S7V0O0A%26cv_ct_cx%3Dconcealer%26keywords%3Dconcealer%26pd_rd_i%3DB09HSQF58Q%26pd_rd_r%3D142da918-6d57-40b1-92de-b68e65f61d48%26pd_rd_w%3DcyVin%26pd_rd_wg%3DV5HHr%26pf_rd_p%3D9c246b91-3d49-4e6c-8ff6-5b6e9a100bd4%26pf_rd_r%3DB2ZAJYB0F5V085H2FE2F%26qid%3D1668625923%26sprefix%3Dconcealer%252Caps%252C98%26sr%3D1-1-a43b4223-fbe9-48b0-af69-6d70cf84978b-spons%26sp_csd%3Dd2lkZ2V0TmFtZT1zcF9zZWFyY2hfdGhlbWF0aWM%26psc%3D1,"Almay Clear Complexion Acne & Blemish Spot Treatment Concealer Makeup with Salicylic Acid- Lightweight, Full Coverage, Hypoallergenic, Fragrance-Free, for Sensitive Skin, 200 Light/Medium, 0.3 fl oz.",Sponsored,4.6 out of 5 stars,"4,320",$7.67,,B09HSQF58Q,https://m.media-amazon.com/images/I/71HJhIoYR5L._AC_UL320_.jpg
2592,https://www.amazon.com/sspa/click?ie=UTF8&spc=MTo0MDY4NzY2NTkzMTMwMjE3OjE2Njg2MjU5MjM6c3Bfc2VhcmNoX3RoZW1hdGljOjo6MTpCMDA0WTlHVFlFOnNlYXJjaA&url=%2FMaybelline-Instant-Circles-Treatment-Concealer%2Fdp%2FB004Y9GTYE%2Fref%3Dsxin_24_pa_sp_search_thematic_sspa%3Fcontent-id%3Damzn1.sym.9c246b91-3d49-4e6c-8ff6-5b6e9a100bd4%253Aamzn1.sym.9c246b91-3d49-4e6c-8ff6-5b6e9a100bd4%26crid%3D1OEXB3S7V0O0A%26cv_ct_cx%3Dconcealer%26keywords%3Dconcealer%26pd_rd_i%3DB004Y9GTYE%26pd_rd_r%3D142da918-6d57-40b1-92de-b68e65f61d48%26pd_rd_w%3DcyVin%26pd_rd_wg%3DV5HHr%26pf_rd_p%3D9c246b91-3d49-4e6c-8ff6-5b6e9a100bd4%26pf_rd_r%3DB2ZAJYB0F5V085H2FE2F%26qid%3D1668625923%26sprefix%3Dconcealer%252Caps%252C98%26sr%3D1-2-a43b4223-fbe9-48b0-af69-6d70cf84978b-spons%26sp_csd%3Dd2lkZ2V0TmFtZT1zcF9zZWFyY2hfdGhlbWF0aWM%26psc%3D1,"Maybelline Instant Age Rewind Eraser Dark Circles Treatment Multi-Use Concealer, 120, 1 Count (Packaging May Vary)",0.2 Fl Oz (Pack of 1),4.4 out of 5 stars,"165,559",$8.80,,B004Y9GTYE,https://m.media-amazon.com/images/I/611iMz35GNL._AC_UL320_.jpg
2593,https://www.amazon.com/sspa/click?ie=UTF8&spc=MTo0MDY4NzY2NTkzMTMwMjE3OjE2Njg2MjU5MjM6c3Bfc2VhcmNoX3RoZW1hdGljOjo6MjpCMDdaUjFDUUhQOnNlYXJjaA&url=%2Fl-f-Cosmetics-Hydrating-Concealer-Full-coverage%2Fdp%2FB07ZR1CQHP%2Fref%3Dsxin_24_pa_sp_search_thematic_sspa%3Fcontent-id%3Damzn1.sym.9c246b91-3d49-4e6c-8ff6-5b6e9a100bd4%253Aamzn1.sym.9c246b91-3d49-4e6c-8ff6-5b6e9a100bd4%26crid%3D1OEXB3S7V0O0A%26cv_ct_cx%3Dconcealer%26keywords%3Dconcealer%26pd_rd_i%3DB07ZR1CQHP%26pd_rd_r%3D142da918-6d57-40b1-92de-b68e65f61d48%26pd_rd_w%3DcyVin%26pd_rd_wg%3DV5HHr%26pf_rd_p%3D9c246b91-3d49-4e6c-8ff6-5b6e9a100bd4%26pf_rd_r%3DB2ZAJYB0F5V085H2FE2F%26qid%3D1668625923%26sprefix%3Dconcealer%252Caps%252C98%26sr%3D1-3-a43b4223-fbe9-48b0-af69-6d70cf84978b-spons%26sp_csd%3Dd2lkZ2V0TmFtZT1zcF9zZWFyY2hfdGhlbWF0aWM%26psc%3D1,"e.l.f, Hydrating Camo Concealer, Lightweight, Full Coverage, Long Lasting, Conceals, Corrects, Covers, Hydrates, Highlights, Fair Beige, Satin Finish, 25 Shades, All-Day Wear, 0.20 Fl Oz",0.2 Fl Oz (Pack of 1),4.4 out of 5 stars,"22,682",$6.34,,B07ZR1CQHP,https://m.media-amazon.com/images/I/51uaEfru4zL._AC_UL320_.jpg
2594,https://www.amazon.com/sspa/click?ie=UTF8&spc=MTo0MDY4NzY2NTkzMTMwMjE3OjE2Njg2MjU5MjM6c3Bfc2VhcmNoX3RoZW1hdGljOjo6MzpCMDdWNzhXQjZCOnNlYXJjaA&url=%2Fl-f-Cosmetics-Concealer-Full-coverage-Formula%2Fdp%2FB07V78WB6B%2Fref%3Dsxin_24_pa_sp_search_thematic_sspa%3Fcontent-id%3Damzn1.sym.9c246b91-3d49-4e6c-8ff6-5b6e9a100bd4%253Aamzn1.sym.9c246b91-3d49-4e6c-8ff6-5b6e9a100bd4%26crid%3D1OEXB3S7V0O0A%26cv_ct_cx%3Dconcealer%26keywords%3Dconcealer%26pd_rd_i%3DB07V78WB6B%26pd_rd_r%3D142da918-6d57-40b1-92de-b68e65f61d48%26pd_rd_w%3DcyVin%26pd_rd_wg%3DV5HHr%26pf_rd_p%3D9c246b91-3d49-4e6c-8ff6-5b6e9a100bd4%26pf_rd_r%3DB2ZAJYB0F5V085H2FE2F%26qid%3D1668625923%26sprefix%3Dconcealer%252Caps%252C98%26sr%3D1-4-a43b4223-fbe9-48b0-af69-6d70cf84978b-spons%26sp_csd%3Dd2lkZ2V0TmFtZT1zcF9zZWFyY2hfdGhlbWF0aWM%26psc%3D1,"e.l.f. 16HR Camo Concealer, Full Coverage, Highly Pigmented Concealer With Matte Finish, Crease-proof, Vegan & Cruelty-Free, Light Sand, 0.2 Fl Oz",0.2 Fl Oz (Pack of 1),4.3 out of 5 stars,"43,554",$7.00,,B07V78WB6B,https://m.media-amazon.com/images/I/61hV0ogNLoL._AC_UL320_.jpg
2595,https://www.amazon.com/sspa/click?ie=UTF8&spc=MTo0MDY4NzY2NTkzMTMwMjE3OjE2Njg2MjU5MjM6c3Bfc2VhcmNoX3RoZW1hdGljOjo6NDpCMDA5V0kwNFBNOnNlYXJjaA&url=%2FL-Girl-Conceal-Concealer%2Fdp%2FB009WI04PM%2Fref%3Dsxin_24_pa_sp_search_thematic_sspa%3Fcontent-id%3Damzn1.sym.9c246b91-3d49-4e6c-8ff6-5b6e9a100bd4%253Aamzn1.sym.9c246b91-3d49-4e6c-8ff6-5b6e9a100bd4%26crid%3D1OEXB3S7V0O0A%26cv_ct_cx%3Dconcealer%26keywords%3Dconcealer%26pd_rd_i%3DB009WI04PM%26pd_rd_r%3D142da918-6d57-40b1-92de-b68e65f61d48%26pd_rd_w%3DcyVin%26pd_rd_wg%3DV5HHr%26pf_rd_p%3D9c246b91-3d49-4e6c-8ff6-5b6e9a100bd4%26pf_rd_r%3DB2ZAJYB0F5V085H2FE2F%26qid%3D1668625923%26sprefix%3Dconcealer%252Caps%252C98%26sr%3D1-5-a43b4223-fbe9-48b0-af69-6d70cf84978b-spons%26sp_csd%3Dd2lkZ2V0TmFtZT1zcF9zZWFyY2hfdGhlbWF0aWM%26psc%3D1,"L.A. Girl Pro Conceal HD Concealer, Warm Honey, 0.28 Ounce",0.28 Ounce (Pack of 1),4.3 out of 5 stars,"34,084",$4.95,,B009WI04PM,https://m.media-amazon.com/images/I/514pRZ0RSlL._AC_UL320_.jpg
2596,https://www.amazon.com/sspa/click?ie=UTF8&spc=MToxMDcyODg2MzU5MTc4ODYzOjE2Njg2MjU5MjM6c3Bfc2VhcmNoX3RoZW1hdGljOjo6MDpCMDA3TUpLSFdJOnNlYXJjaA&url=%2FL-Girl-Conceal-Concealer%2Fdp%2FB007MJKHWI%2Fref%3Dsxin_25_pa_sp_search_thematic-asin_sspa%3Fcontent-id%3Damzn1.sym.4228d1d7-b9a2-4dcc-9504-1ef42bcf486a%253Aamzn1.sym.4228d1d7-b9a2-4dcc-9504-1ef42bcf486a%26crid%3D1OEXB3S7V0O0A%26cv_ct_cx%3Dconcealer%26keywords%3Dconcealer%26pd_rd_i%3DB007MJKHWI%26pd_rd_r%3D142da918-6d57-40b1-92de-b68e65f61d48%26pd_rd_w%3DvKXS8%26pd_rd_wg%3DV5HHr%26pf_rd_p%3D4228d1d7-b9a2-4dcc-9504-1ef42bcf486a%26pf_rd_r%3DB2ZAJYB0F5V085H2FE2F%26qid%3D1668625923%26sprefix%3Dconcealer%252Caps%252C98%26sr%3D1-1-4a643ae4-6005-4b15-bc31-2c5125e2b25b-spons%26sp_csd%3Dd2lkZ2V0TmFtZT1zcF9zZWFyY2hfdGhlbWF0aWM%26psc%3D1,"L.A. Girl Pro Conceal HD Concealer, Warm Sand, 0.28 Ounce",0.28 Ounce (Pack of 1),4.3 out of 5 stars|4.4 out of 5 stars|4.2 out of 5 stars|4.4 out of 5 stars|4.4 out of 5 stars|4.2 out of 5 stars|4.3 out of 5 stars|4.5 out of 5 stars,"34,084|4,930|4,161|72|3,836|3,096|2,750|2,009",$4.95,"Climate Pledge Friendly|Climate Pledge Friendly|Climate Pledge Friendly|<img alt="""" src=""https://m.media-amazon.com/images/I/216-OX9rBaL._SS200_.png"" height=""50px"" width=""50px""/>  Climate Pledge Friendly|<img alt="""" src=""https://m.media-amazon.com/images/I/216-OX9rBaL._SS200_.png"" height=""50px"" width=""50px""/>  Climate Pledge Friendly|<img alt="""" src=""https://m.media-amazon.com/images/I/41Y2L-DZWfL._SS200_.png"" height=""50px"" width=""50px""/> Compact by Design (Certified by Amazon)|Climate Pledge Friendly|Climate Pledge Friendly|Climate Pledge Friendly|<img alt="""" src=""https://m.media-amazon.com/images/I/216-OX9rBaL._SS200_.png"" height=""50px"" width=""50px""/>  Climate Pledge Friendly|<img alt="""" src=""https://m.media-amazon.com/images/I/216-OX9rBaL._SS200_.png"" height=""50px"" width=""50px""/>  Climate Pledge Friendly|<img alt="""" src=""https://m.media-amazon.com/images/I/41Y2L-DZWfL._SS200_.png"" height=""50px"" width=""50px""/> Compact by Design (Certified by Amazon)|Climate Pledge Friendly|Climate Pledge Friendly|Climate Pledge Friendly|<img alt="""" src=""https://m.media-amazon.com/images/I/216-OX9rBaL._SS200_.png"" height=""50px"" width=""50px""/>  Climate Pledge Friendly|<img alt="""" src=""https://m.media-amazon.com/images/I/216-OX9rBaL._SS200_.png"" height=""50px"" width=""50px""/>  Climate Pledge Friendly|<img alt="""" src=""https://m.media-amazon.com/images/I/41Y2L-DZWfL._SS200_.png"" height=""50px"" width=""50px""/> Compact by Design (Certified by Amazon)|Climate Pledge Friendly  Small Business|Climate Pledge Friendly|Climate Pledge Friendly|Small Business|Small Business|<img alt="""" src=""https://m.media-amazon.com/images/I/216-OX9rBaL._SS200_.png"" height=""50px"" width=""50px""/>  Climate Pledge Friendly|<img alt="""" src=""https://m.media-amazon.com/images/I/216-OX9rBaL._SS200_.png"" height=""50px"" width=""50px""/>  Climate Pledge Friendly|<img alt="""" src=""https://m.media-amazon.com/images/I/51Xs1-s-2hL._SS200_.jpg"" height=""50px"" width=""50px""/> Natrue|<img alt="""" src=""https://m.media-amazon.com/images/I/111mHoVK0kL._SS200_.png"" height=""50px"" width=""50px""/>  Small Business|<img alt="""" src=""https://m.media-amazon.com/images/I/111mHoVK0kL._SS200_.png"" height=""50px"" width=""50px""/>  Small Business|Climate Pledge Friendly|Climate Pledge Friendly|Climate Pledge Friendly|<img alt="""" src=""https://m.media-amazon.com/images/I/216-OX9rBaL._SS200_.png"" height=""50px"" width=""50px""/>  Climate Pledge Friendly|<img alt="""" src=""https://m.media-amazon.com/images/I/216-OX9rBaL._SS200_.png"" height=""50px"" width=""50px""/>  Climate Pledge Friendly|<img alt="""" src=""https://m.media-amazon.com/images/I/41Y2L-DZWfL._SS200_.png"" height=""50px"" width=""50px""/> Compact by Design (Certified by Amazon)|Climate Pledge Friendly|Climate Pledge Friendly|Climate Pledge Friendly|<img alt="""" src=""https://m.media-amazon.com/images/I/216-OX9rBaL._SS200_.png"" height=""50px"" width=""50px""/>  Climate Pledge Friendly|<img alt="""" src=""https://m.media-amazon.com/images/I/216-OX9rBaL._SS200_.png"" height=""50px"" width=""50px""/>  Climate Pledge Friendly|<img alt="""" src=""https://m.media-amazon.com/images/I/41Y2L-DZWfL._SS200_.png"" height=""50px"" width=""50px""/> Compact by Design (Certified by Amazon)|Climate Pledge Friendly|Climate Pledge Friendly|Climate Pledge Friendly|<img alt="""" src=""https://m.media-amazon.com/images/I/216-OX9rBaL._SS200_.png"" height=""50px"" width=""50px""/>  Climate Pledge Friendly|<img alt="""" src=""https://m.media-amazon.com/images/I/216-OX9rBaL._SS200_.png"" height=""50px"" width=""50px""/>  Climate Pledge Friendly|<img alt="""" src=""https://m.media-amazon.com/images/I/41Y2L-DZWfL._SS200_.png"" height=""50px"" width=""50px""/> Compact by Design (Certified by Amazon)|Climate Pledge Friendly|Climate Pledge Friendly|Climate Pledge Friendly|<img alt="""" src=""https://m.media-amazon.com/images/I/216-OX9rBaL._SS200_.png"" height=""50px"" width=""50px""/>  Climate Pledge Friendly|<img alt="""" src=""https://m.media-amazon.com/images/I/216-OX9rBaL._SS200_.png"" height=""50px"" width=""50px""/>  Climate Pledge Friendly|<img alt="""" src=""https://m.media-amazon.com/images/I/41Y2L-DZWfL._SS200_.png"" height=""50px"" width=""50px""/> Compact by Design (Certified by Amazon)",,https://m.media-amazon.com/images/I/514r7OIRsCL._AC_UL320_.jpg|https://m.media-amazon.com/images/I/216-OX9rBaL._SS200_.png|||https://m.media-amazon.com/images/I/61IdMDHlsnL._AC_UL320_.jpg|https://m.media-amazon.com/images/I/216-OX9rBaL._SS200_.png|||https://m.media-amazon.com/images/I/51uT5mWfwJL._AC_UL320_.jpg|https://m.media-amazon.com/images/I/216-OX9rBaL._SS200_.png|||https://m.media-amazon.com/images/I/51niKjW7ggL._AC_UL320_.jpg|https://m.media-amazon.com/images/I/216-OX9rBaL._SS200_.png|https://m.media-amazon.com/images/I/111mHoVK0kL._SS200_.png||||https://m.media-amazon.com/images/I/51fGFjpzMYL._AC_UL320_.jpg|https://m.media-amazon.com/images/I/216-OX9rBaL._SS200_.png|||https://m.media-amazon.com/images/I/51Yyn5FERoL._AC_UL320_.jpg|https://m.media-amazon.com/images/I/216-OX9rBaL._SS200_.png|||https://m.media-amazon.com/images/I/61HxauTkY9L._AC_UL320_.jpg|https://m.media-amazon.com/images/I/216-OX9rBaL._SS200_.png|||https://m.media-amazon.com/images/I/61FzasgwoHL._AC_UL320_.jpg|https://m.media-amazon.com/images/I/216-OX9rBaL._SS200_.png||
2598,https://www.amazon.com/NYX-PROFESSIONAL-MAKEUP-Concealer-Serum/dp/B09HNMGGPR/ref=sr_1_14?crid=1OEXB3S7V0O0A&keywords=concealer&qid=1668625923&sprefix=concealer%2Caps%2C98&sr=8-14,"NYX PROFESSIONAL MAKEUP Bare With Me Concealer Serum, Up To 24Hr Hydration - Light",0.32 Fl Oz (Pack of 1),4.4 out of 5 stars,"6,054",$9.26,"FREE delivery Tue, Nov 22 on $25 of items shipped by AmazonOr fastest delivery Fri, Nov 18|",B09HNMGGPR,https://m.media-amazon.com/images/I/61xHxOxD97L._AC_UL320_.jpg
2599,https://www.amazon.com/Maybelline-Concealer-Natural-Coverage-Oil-Free/dp/B0046VGJJA/ref=sr_1_15?crid=1OEXB3S7V0O0A&keywords=concealer&qid=1668625923&sprefix=concealer%2Caps%2C98&sr=8-15,"Maybelline Fit Me Liquid Concealer Makeup, Natural Coverage, Oil-Free, Medium, 1 Count",$6.45 with Subscribe & Save discountSave 5% on 4 select item(s),4.4 out of 5 stars,"47,349",$6.79,FREE delivery on $25 shipped by Amazon.,B0046VGJJA,https://m.media-amazon.com/images/I/41SlVn7mQmL._AC_UL320_.jpg
2600,https://www.amazon.com/Catrice-Camouflage-Concealer-Lasting-Coverage/dp/B07Q3SVT3K/ref=sr_1_16?crid=1OEXB3S7V0O0A&keywords=concealer&qid=1668625923&sprefix=concealer%2Caps%2C98&sr=8-16,Catrice | Liquid Camouflage High Coverage Concealer | Ultra Long Lasting Concealer | Oil & Paraben Free | Cruelty Free (048 | Desert Beige),1 Count (Pack of 1),4.3 out of 5 stars,"2,990",$3.00,"FREE delivery Tue, Nov 22 on $25 of items shipped by AmazonOr fastest delivery Sat, Nov 19||Small Business|Small Business|Small Business|<img alt="""" src=""https://m.media-amazon.com/images/I/111mHoVK0kL._SS200_.png"" height=""50px"" width=""50px""/>  Small Business|<img alt="""" src=""https://m.media-amazon.com/images/I/111mHoVK0kL._SS200_.png"" height=""50px"" width=""50px""/>  Small Business",B07Q3SVT3K,https://m.media-amazon.com/images/I/61oPj2ueydL._AC_UL320_.jpg|https://m.media-amazon.com/images/I/111mHoVK0kL._SS200_.png|
2601,https://www.amazon.com/sspa/click?ie=UTF8&spc=MTo1ODI1MDkzNjQwOTM4MjI6MTY2ODYyNTkyMzpzcF9tdGY6MjAwMDQ0NTgwMjE3ODk4OjowOjo&url=%2FCl%25C3%25A9-Peau-Beaut%25C3%25A9-Concealer-Ivory%2Fdp%2FB09QXHK528%2Fref%3Dsr_1_17_sspa%3Fcrid%3D1OEXB3S7V0O0A%26keywords%3Dconcealer%26qid%3D1668625923%26sprefix%3Dconcealer%252Caps%252C98%26sr%3D8-17-spons%26sp_csd%3Dd2lkZ2V0TmFtZT1zcF9tdGY%26psc%3D1,"Clé de Peau Beauté, Concealer SPF 27",Sponsored,,,$75.00,"FREE delivery Tue, Nov 22 Or fastest delivery Sat, Nov 19|",B09QXHK528,https://m.media-amazon.com/images/I/61evjdQLbnL._AC_UL320_.jpg
2602,https://www.amazon.com/sspa/click?ie=UTF8&spc=MTo1ODI1MDkzNjQwOTM4MjI6MTY2ODYyNTkyMzpzcF9tdGY6MjAwMDk4Mzg0MzA3MTk4OjowOjo&url=%2FBS-MALL-Premium-Synthetic-Foundation-Concealers%2Fdp%2FB0773B1S4X%2Fref%3Dsr_1_18_sspa%3Fcrid%3D1OEXB3S7V0O0A%26keywords%3Dconcealer%26qid%3D1668625923%26sprefix%3Dconcealer%252Caps%252C98%26sr%3D8-18-spons%26sp_csd%3Dd2lkZ2V0TmFtZT1zcF9tdGY%26psc%3D1,BS-MALL(TM) Premium 14 Pcs Synthetic Foundation Powder Concealers Eye Shadows (Golden Black),Sponsored,4.4 out of 5 stars,870,$9.99,"FREE delivery Tue, Nov 22 on $25 of items shipped by AmazonOr fastest delivery Fri, Nov 18||Small Business|Small Business|Small Business|<img alt="""" src=""https://m.media-amazon.com/images/I/111mHoVK0kL._SS200_.png"" height=""50px"" width=""50px""/>  Small Business|<img alt="""" src=""https://m.media-amazon.com/images/I/111mHoVK0kL._SS200_.png"" height=""50px"" width=""50px""/>  Small Business",B0773B1S4X,https://m.media-amazon.com/images/I/71AXGWy4XQS._AC_UL320_.jpg|https://m.media-amazon.com/images/I/111mHoVK0kL._SS200_.png|
2603,https://www.amazon.com/sspa/click?ie=UTF8&spc=MTo1ODI1MDkzNjQwOTM4MjI6MTY2ODYyNTkyMzpzcF9tdGY6MjAwMDY0NTI0MTg4MDk4OjowOjo&url=%2FFoundation-Multi-Use-Waterproof-Lightweight-Coverage%2Fdp%2FB097S3LW7Q%2Fref%3Dsr_1_19_sspa%3Fcrid%3D1OEXB3S7V0O0A%26keywords%3Dconcealer%26qid%3D1668625923%26sprefix%3Dconcealer%252Caps%252C98%26sr%3D8-19-spons%26sp_csd%3Dd2lkZ2V0TmFtZT1zcF9tdGY%26psc%3D1,"HIDE PREMIUM Liquid Foundation, SEE SHADE FINDER Below For Perfect Match, Multi-Use Waterproof Foundation, Medium/Full Coverage Foundation, Oil Free – We Have a Shade For All Skin Types, 1 fl. Oz. (Sand)",Sponsored,3.9 out of 5 stars,"1,082",$26.99,"FREE delivery Tue, Nov 22 Or fastest delivery Fri, Nov 18|",B097S3LW7Q,https://m.media-amazon.com/images/I/512Tv9q8-wL._AC_UL320_.jpg
2604,https://www.amazon.com/sspa/click?ie=UTF8&spc=MTo1ODI1MDkzNjQwOTM4MjI6MTY2ODYyNTkyMzpzcF9tdGY6MjAwMDk1MDUzNTM1ODk4OjowOjo&url=%2FConceal-dullness-discolorations-Camouflage-imperfections%2Fdp%2FB0BD93F24P%2Fref%3Dsr_1_20_sspa%3Fcrid%3D1OEXB3S7V0O0A%26keywords%3Dconcealer%26qid%3D1668625923%26sprefix%3Dconcealer%252Caps%252C98%26sr%3D8-20-spons%26sp_csd%3Dd2lkZ2V0TmFtZT1zcF9tdGY%26psc%3D1,"6 Colors Conceal Correct Cream Contour Makeup Palette for Mature Skin,Light to Neutral,Conceal trouble spots dullness dark circles Correct discolorations Camouflage imperfections Covers redness 03",Sponsored,3.5 out of 5 stars,2,$7.99,"FREE delivery Tue, Nov 22 on $25 of items shipped by AmazonOr fastest delivery Sun, Nov 20|",B0BD93F24P,https://m.media-amazon.com/images/I/61x7NXDSUCL._AC_UL320_.jpg
2605,https://www.amazon.com/Cosmetics-Under-13-0-Light-Natural/dp/B07RPZHP79/ref=sr_1_21?crid=1OEXB3S7V0O0A&keywords=concealer&qid=1668625923&sprefix=concealer%2Caps%2C98&sr=8-21,"IT Cosmetics Bye Bye Under Eye Full Coverage Concealer - for Dark Circles, Fine Lines, Redness & Discoloration - Waterproof - Anti-Aging - Natural Finish – 13.0 Light Natural (N), 0.11 fl oz",0.11 Fl Oz (Pack of 1),4.5 out of 5 stars,"14,586",$10.00,"FREE delivery Tue, Nov 22 on $25 of items shipped by AmazonOr fastest delivery Sun, Nov 20||Small Business|Small Business|Small Business|<img alt="""" src=""https://m.media-amazon.com/images/I/111mHoVK0kL._SS200_.png"" height=""50px"" width=""50px""/>  Small Business|<img alt="""" src=""https://m.media-amazon.com/images/I/111mHoVK0kL._SS200_.png"" height=""50px"" width=""50px""/>  Small Business",B07RPZHP79,https://m.media-amazon.com/images/I/51Hiq-bRKEL._AC_UL320_.jpg|https://m.media-amazon.com/images/I/111mHoVK0kL._SS200_.png|
2606,https://www.amazon.com/NARS-Radiant-Creamy-Concealer-Vanilla/dp/B00BM1WKT0/ref=sr_1_22?crid=1OEXB3S7V0O0A&keywords=concealer&qid=1668625923&sprefix=concealer%2Caps%2C98&sr=8-22,"NARS Radiant Creamy Concealer, Vanilla, 0.22 Ounce",0.22 Ounce (Pack of 1),4.6 out of 5 stars,"4,069",$28.36,"FREE delivery Tue, Nov 22 Or fastest delivery Fri, Nov 18|",B00BM1WKT0,https://m.media-amazon.com/images/I/41q2S2dba7L._AC_UL320_.jpg
2607,https://www.amazon.com/Covergirl-Trublend-Undercover-Concealer-Natural/dp/B07PFLDXYH/ref=sr_1_23?crid=1OEXB3S7V0O0A&keywords=concealer&qid=1668625923&sprefix=concealer%2Caps%2C98&sr=8-23,"COVERGIRL TruBlend Undercover Concealer, Natural Ivory, 0.33 Fl Oz (Pack of 1)",0.33 Fl Oz (Pack of 1),4.4 out of 5 stars,"9,814",$6.94,"FREE delivery Tue, Nov 22 on $25 of items shipped by AmazonOr fastest delivery Sat, Nov 19|",B07PFLDXYH,https://m.media-amazon.com/images/I/61Xjj2xwzOL._AC_UL320_.jpg
2608,https://www.amazon.com/Wet-Wild-Incognito-Coverage-Concealer/dp/B08RRNH8K3/ref=sr_1_24?crid=1OEXB3S7V0O0A&keywords=concealer&qid=1668625923&sprefix=concealer%2Caps%2C98&sr=8-24,"Wet n Wild Mega Last Incognito All-Day Full Coverage Liquid Matte Concealer, Light Beige, 0.18 Ounce",0.18 Ounce (Pack of 1),4.4 out of 5 stars,"1,662",$4.28,"FREE delivery Tue, Nov 22 on $25 of items shipped by AmazonOr fastest delivery Fri, Nov 18|",B08RRNH8K3,https://m.media-amazon.com/images/I/71F8JMT7eEL._AC_UL320_.jpg
2609,https://www.amazon.com/Wet-Wild-Megaglo-808-Thought/dp/B01N9P00J4/ref=sr_1_25?crid=1OEXB3S7V0O0A&keywords=concealer&qid=1668625923&sprefix=concealer%2Caps%2C98&sr=8-25,"Wet n Wild MegaGlo Conceal & Contour Stick, Nude For Thought | Natural | Concealer Makeup Stick | Cream to Powder",3.5 Ounce (Pack of 1),4.5 out of 5 stars,"1,619",$3.37,"FREE delivery Tue, Nov 22 on $25 of items shipped by AmazonOr fastest delivery Fri, Nov 18|",B01N9P00J4,https://m.media-amazon.com/images/I/71x1OeSNaHL._AC_UL320_.jpg
2610,https://www.amazon.com/Catrice-Concealer-Waterproof-Lightweight-Hyaluronic/dp/B08HJSKLSX/ref=sr_1_26?crid=1OEXB3S7V0O0A&keywords=concealer&qid=1668625923&sprefix=concealer%2Caps%2C98&sr=8-26,"Catrice | True Skin High Cover Concealer | Waterproof & Lightweight for Soft Matte Look | Contains Hyaluronic Acid & Lasts Up to 18 Hours | Vegan, Cruelty Free, Gluten Free (032 | Neutral Biscuit)",1 Count (Pack of 1),4.3 out of 5 stars,"2,268",$7.00,"FREE delivery Tue, Nov 22 on $25 of items shipped by AmazonOr fastest delivery Fri, Nov 18||Small Business|Small Business|Small Business|<img alt="""" src=""https://m.media-amazon.com/images/I/111mHoVK0kL._SS200_.png"" height=""50px"" width=""50px""/>  Small Business|<img alt="""" src=""https://m.media-amazon.com/images/I/111mHoVK0kL._SS200_.png"" height=""50px"" width=""50px""/>  Small Business",B08HJSKLSX,https://m.media-amazon.com/images/I/31v4LCeB8ZL._AC_UL320_.jpg|https://m.media-amazon.com/images/I/111mHoVK0kL._SS200_.png|
2611,https://www.amazon.com/Maybelline-New-York-Concealer-Resistant/dp/B09J69P6XC/ref=sr_1_27?crid=1OEXB3S7V0O0A&keywords=concealer&qid=1668625923&sprefix=concealer%2Caps%2C98&sr=8-27,"Maybelline Super Stay Liquid Concealer Makeup, Full Coverage Concealer, Up to 30 Hour Wear, Transfer Resistant, Natural Matte Finish, Oil-free, Available in 16 Shades, 20, 1 Count",0.33 Fl Oz (Pack of 1),4.3 out of 5 stars,"1,184",$8.07,"FREE delivery Tue, Nov 22 on $25 of items shipped by AmazonOr fastest delivery Sat, Nov 19|",B09J69P6XC,https://m.media-amazon.com/images/I/61TkHzJ3LAL._AC_UL320_.jpg
2612,https://www.amazon.com/LOr%C3%A9al-Paris-Magic-Lumi-Highlighter/dp/B005EIIEA6/ref=sr_1_28_mod_primary_new?crid=1OEXB3S7V0O0A&keywords=concealer&qid=1668625923&sbo=RZvfv%2F%2FHxDF%2BO5021pAnSA%3D%3D&sprefix=concealer%2Caps%2C98&sr=8-28,L'Oreal Paris Magic Lumi Highlighting Concealer,0.05 Ounce (Pack of 1),4.3 out of 5 stars,"700|Another way to buy|$4.90$4.90 ($4.90/Count) $12.95$12.95|$4.90$4.90 ($4.90/Count) $12.95$12.95|($4.90/Count)|FREE delivery Tue, Nov 22 on $25 of items shipped by AmazonOr fastest delivery Sat, Nov 19",$4.00,"FREE delivery Fri, Nov 25 Or fastest delivery Nov 21 - 23|FREE delivery Tue, Nov 22 on $25 of items shipped by AmazonOr fastest delivery Sat, Nov 19|",B005EIIEA6,https://m.media-amazon.com/images/I/61ec6Q1pQGL._AC_UL320_.jpg
2613,https://www.amazon.com/Almay-Clear-Complexion-Concealer-Fluid/dp/B07B4P5KPH/ref=sr_1_29?crid=1OEXB3S7V0O0A&keywords=concealer&qid=1668625923&sprefix=concealer%2Caps%2C98&sr=8-29,"Almay Clear Complexion Concealer, Hypoallergenic, Cruelty Free, Oil Free, Dermatologist Tested, with Aloe and Salicylic Acid, Dark, 0.18 Fluid Ounce",0.18 Fl Oz (Pack of 1),4.6 out of 5 stars,"4,320",$4.07,"FREE delivery Tue, Nov 22 on $25 of items shipped by AmazonOr fastest delivery Sat, Nov 19|",B07B4P5KPH,https://m.media-amazon.com/images/I/51QusqsBx7L._AC_UL320_.jpg
2614,https://www.amazon.com/Revlon-Youth-Concealer-Fluid-Ounce/dp/B071YCCSQ8/ref=sr_1_30?crid=1OEXB3S7V0O0A&keywords=concealer&qid=1668625923&sprefix=concealer%2Caps%2C98&sr=8-30,"Revlon Youth Fx Fill + Blur Concealer, Deep, 0.11 Fluid Ounce",1 Count (Pack of 1),4.2 out of 5 stars,"1,322",$4.15,"FREE delivery Tue, Nov 22 on $25 of items shipped by AmazonOr fastest delivery Fri, Nov 18|",B071YCCSQ8,https://m.media-amazon.com/images/I/61XEphBB3gL._AC_UL320_.jpg
2615,https://www.amazon.com/COVERGIRL-Smoothers-Moisturizing-Concealer-710/dp/B001MW4W0Y/ref=sr_1_31?crid=1OEXB3S7V0O0A&keywords=concealer&qid=1668625923&sprefix=concealer%2Caps%2C98&sr=8-31,"Covergirl Smoothers Moisturizing Concealer Stick, Light, 0.14 Ounce",0.14 Ounce (Pack of 1),4.6 out of 5 stars,"7,693",$6.79,"FREE delivery Tue, Nov 22 on $25 of items shipped by AmazonOr fastest delivery Fri, Nov 18|",B001MW4W0Y,https://m.media-amazon.com/images/I/71OnHwyFwgL._AC_UL320_.jpg
2616,https://www.amazon.com/wet-wild-Photo-Concealer-Neutral/dp/B07MCCFSPJ/ref=sr_1_32?crid=1OEXB3S7V0O0A&keywords=concealer&qid=1668625923&sprefix=concealer%2Caps%2C98&sr=8-32,"Wet n Wild Photo Focus Concealer, Fair Neutral, Under Eyes, Makeup, Blemish, Full Coverage, Lightweight",1 Count (Pack of 1),4.3 out of 5 stars,"1,143",$4.99,"FREE delivery Tue, Nov 22 on $25 of items shipped by AmazonOr fastest delivery Fri, Nov 18|",B07MCCFSPJ,https://m.media-amazon.com/images/I/71onpIyaItL._AC_UL320_.jpg
2617,https://www.amazon.com/sspa/click?ie=UTF8&spc=MTo1ODI1MDkzNjQwOTM4MjI6MTY2ODYyNTkyMzpzcF9tdGY6MjAwMDY4NTI5OTA4Mjk4OjowOjo&url=%2FDose-Colors-Meet-Concealer-0-25oz%2Fdp%2FB08KQ8N7P9%2Fref%3Dsr_1_33_sspa%3Fcrid%3D1OEXB3S7V0O0A%26keywords%3Dconcealer%26qid%3D1668625923%26sprefix%3Dconcealer%252Caps%252C98%26sr%3D8-33-spons%26sp_csd%3Dd2lkZ2V0TmFtZT1zcF9tdGY%26psc%3D1,"Dose of Colors - Meet Your Hue Concealer, 0.25 oz",Sponsored,4.6 out of 5 stars,2,$12.00,"FREE delivery Tue, Nov 22 on $25 of items shipped by AmazonOr fastest delivery Sat, Nov 19||Small Business|Small Business|Small Business|<img alt="""" src=""https://m.media-amazon.com/images/I/111mHoVK0kL._SS200_.png"" height=""50px"" width=""50px""/>  Small Business|<img alt="""" src=""https://m.media-amazon.com/images/I/111mHoVK0kL._SS200_.png"" height=""50px"" width=""50px""/>  Small Business",B08KQ8N7P9,https://m.media-amazon.com/images/I/61G5TaTQKwL._AC_UL320_.jpg|https://m.media-amazon.com/images/I/111mHoVK0kL._SS200_.png|
2618,https://www.amazon.com/sspa/click?ie=UTF8&spc=MTo1ODI1MDkzNjQwOTM4MjI6MTY2ODYyNTkyMzpzcF9tdGY6MjAwMDk2NTU1NjExODk4OjowOjo&url=%2FPhoto-Focus-Foundation-Beige-Ounces%2Fdp%2FB082YPXZW5%2Fref%3Dsr_1_34_sspa%3Fcrid%3D1OEXB3S7V0O0A%26keywords%3Dconcealer%26qid%3D1668625923%26sprefix%3Dconcealer%252Caps%252C98%26sr%3D8-34-spons%26sp_csd%3Dd2lkZ2V0TmFtZT1zcF9tdGY%26psc%3D1,"Wet n Wild Photo Focus Dewy Liquid Foundation Makeup, Soft Beige (Packaging May vary)",Sponsored,4.4 out of 5 stars,"6,995",$5.24,"FREE delivery Tue, Nov 22 on $25 of items shipped by AmazonOr fastest delivery Sat, Nov 19|",B082YPXZW5,https://m.media-amazon.com/images/I/71ZDP2orrjL._AC_UL320_.jpg
2619,https://www.amazon.com/sspa/click?ie=UTF8&spc=MTo1ODI1MDkzNjQwOTM4MjI6MTY2ODYyNTkyMzpzcF9tdGY6MjAwMTA0NDkxNzcyMjk4OjowOjo&url=%2FWinky-Lux-Concealer-Collagen-Hyaluronic%2Fdp%2FB08PNKP3SD%2Fref%3Dsr_1_35_sspa%3Fcrid%3D1OEXB3S7V0O0A%26keywords%3Dconcealer%26qid%3D1668625923%26sprefix%3Dconcealer%252Caps%252C98%26sr%3D8-35-spons%26sp_csd%3Dd2lkZ2V0TmFtZT1zcF9tdGY%26psc%3D1,"Winky Lux Peeper Perfect Under Eye Concealer, Concealer Makeup and Under Eye Primer, Full Coverage Concealer and Under Eye Color Corrector for Dark Circles, Fair",Sponsored,4.3 out of 5 stars,"1,208",$16.00,"FREE delivery Tue, Nov 22 on $25 of items shipped by AmazonOr fastest delivery Fri, Nov 18||Small Business|Small Business|Small Business|<img alt="""" src=""https://m.media-amazon.com/images/I/111mHoVK0kL._SS200_.png"" height=""50px"" width=""50px""/>  Small Business|<img alt="""" src=""https://m.media-amazon.com/images/I/111mHoVK0kL._SS200_.png"" height=""50px"" width=""50px""/>  Small Business",B08PNKP3SD,https://m.media-amazon.com/images/I/51uLz37xT9L._AC_UL320_.jpg|https://m.media-amazon.com/images/I/111mHoVK0kL._SS200_.png|
2620,https://www.amazon.com/sspa/click?ie=UTF8&spc=MTo1ODI1MDkzNjQwOTM4MjI6MTY2ODYyNTkyMzpzcF9tdGY6MjAwMDk3MDMyNjgyMzk4OjowOjo&url=%2FOKENTEN-Concealer-Circles-Coverage-Moisturizing%2Fdp%2FB09T9591SB%2Fref%3Dsr_1_36_sspa%3Fcrid%3D1OEXB3S7V0O0A%26keywords%3Dconcealer%26qid%3D1668625923%26sprefix%3Dconcealer%252Caps%252C98%26sr%3D8-36-spons%26sp_csd%3Dd2lkZ2V0TmFtZT1zcF9tdGY%26psc%3D1%26smid%3DAKGK71SSNS583,"OKENTEN Concealer Stick, Concealer Makeup, 1 Tube (0.28 oz), Concealer for Dark Circles, Full Coverage Concealer, Under Eye Concealer, Solid Stick Concealer, Moisturizing Concealer Stick (01 COOL IVORY)",Sponsored,4.2 out of 5 stars,330,$7.99,"FREE delivery Tue, Nov 22 on $25 of items shipped by AmazonOr fastest delivery Fri, Nov 18|",B09T9591SB,https://m.media-amazon.com/images/I/51iQ3ZpxcTL._AC_UL320_.jpg
2621,https://www.amazon.com/LOreal-Paris-Cosmetics-Infallible-Concealer/dp/B07H621CZ6/ref=sr_1_37?crid=1OEXB3S7V0O0A&keywords=concealer&qid=1668625923&sprefix=concealer%2Caps%2C98&sr=8-37,"L'Oreal Paris Makeup Infallible Full Wear Waterproof Matte Concealer, Cashmere",0.33 Fl Oz (Pack of 1),4.4 out of 5 stars,"17,255",$6.39,FREE delivery on $25 shipped by Amazon.,B07H621CZ6,https://m.media-amazon.com/images/I/51jvpWSqJ4L._AC_UL320_.jpg
2622,https://www.amazon.com/wet-wild-Photo-Focus-Concealer/dp/B07MJKQWZQ/ref=sr_1_38?crid=1OEXB3S7V0O0A&keywords=concealer&qid=1668625923&sprefix=concealer%2Caps%2C98&sr=8-38,"Wet n Wild Photo Focus Concealer, Light Honey, Under Eyes, Makeup, Blemish, Full Coverage, Lightweight",1 Count (Pack of 1),4.4 out of 5 stars,814,$2.40,FREE delivery on $25 shipped by Amazon.,B07MJKQWZQ,https://m.media-amazon.com/images/I/71fB6DTOByL._AC_UL320_.jpg
2623,https://www.amazon.com/Bobbi-Brown-Creamy-Concealer-Kit/dp/B008C8DNMY/ref=sr_1_39?crid=1OEXB3S7V0O0A&keywords=concealer&qid=1668625923&sprefix=concealer%2Caps%2C98&sr=8-39,"Bobbi Brown Creamy Concealer Kit for Women, Beige, 0.11 Oz",0.11 Ounce (Pack of 1),4.4 out of 5 stars,710,$16.00,"FREE delivery Tue, Nov 22 Or fastest delivery Sat, Nov 19",B008C8DNMY,https://m.media-amazon.com/images/I/71aBkQMKjEL._AC_UL320_.jpg
2624,https://www.amazon.com/Tarte-Double-Beauty-Contour-Concealer/dp/B00S5VHGQ2/ref=sr_1_40?crid=1OEXB3S7V0O0A&keywords=concealer&qid=1668625923&sprefix=concealer%2Caps%2C98&sr=8-40,Tarte Double Duty Beauty Shape Tape Contour Concealer - Light Neutral,0.33 Fl Oz (Pack of 1),4.7 out of 5 stars,"1,860",$28.50,"FREE delivery Nov 21 - 23 Or fastest delivery Mon, Nov 21",B00S5VHGQ2,https://m.media-amazon.com/images/I/516VW4cScAL._AC_UL320_.jpg
2625,https://www.amazon.com/Better-All-Over-Concealer-Eraser-Clinique/dp/B08LKFTGLJ/ref=sr_1_41?crid=1OEXB3S7V0O0A&keywords=concealer&qid=1668625923&sprefix=concealer%2Caps%2C98&sr=8-41,Clinique Even Better All-Over Concealer Plus Eraser - CN 28 Ivory Concealer Women 0.2 oz,0.2 Fl Oz (Pack of 1),4.8 out of 5 stars,18,$27.10,"FREE delivery Tue, Nov 22 Or fastest delivery Fri, Nov 18|",B08LKFTGLJ,https://m.media-amazon.com/images/I/61AxpPi6ozL._AC_UL320_.jpg
2626,https://www.amazon.com/Mineral-Fusion-Compact-Concealer-Shade/dp/B002LA7UP0/ref=sr_1_42?crid=1OEXB3S7V0O0A&keywords=concealer&qid=1668625923&sprefix=concealer%2Caps%2C98&sr=8-42,"Mineral Fusion Compact Concealer Duo Shade (Packaging May Vary) Warm, 0.11 Ounce (Pack of 1)",0.11 Ounce (Pack of 1),4.5 out of 5 stars,"1,072",$13.99,"FREE delivery Tue, Nov 22 on $25 of items shipped by AmazonOr fastest delivery Fri, Nov 18||Climate Pledge Friendly|Climate Pledge Friendly|Climate Pledge Friendly|<img alt="""" src=""https://m.media-amazon.com/images/I/216-OX9rBaL._SS200_.png"" height=""50px"" width=""50px""/>  Climate Pledge Friendly|<img alt="""" src=""https://m.media-amazon.com/images/I/216-OX9rBaL._SS200_.png"" height=""50px"" width=""50px""/>  Climate Pledge Friendly|<img alt="""" src=""https://m.media-amazon.com/images/I/31OPjlesFNL._SS200_.png"" height=""50px"" width=""50px""/> EWG Verified",B002LA7UP0,https://m.media-amazon.com/images/I/71Lo0kbjerL._AC_UL320_.jpg|https://m.media-amazon.com/images/I/216-OX9rBaL._SS200_.png||
2627,https://www.amazon.com/NYX-PROFESSIONAL-MAKEUP-Radiant-Concealer/dp/B086LJZHL6/ref=sr_1_43?crid=1OEXB3S7V0O0A&keywords=concealer&qid=1668625923&sprefix=concealer%2Caps%2C98&sr=8-43,"NYX PROFESSIONAL MAKEUP Born To Glow Radiant Concealer, Medium Coverage - Walnut",0.17 Fl Oz ( Pack of 1),4.5 out of 5 stars,"2,387",$3.99,"FREE delivery Wed, Nov 23 on $25 of items shipped by AmazonOr fastest delivery Sun, Nov 20|",B086LJZHL6,https://m.media-amazon.com/images/I/71r+ejClE-L._AC_UL320_.jpg
2628,https://www.amazon.com/NYX-PROFESSIONAL-MAKEUP-Photogenic-Concealer/dp/B06Y4RFKHG/ref=sr_1_44?crid=1OEXB3S7V0O0A&keywords=concealer&qid=1668625923&sprefix=concealer%2Caps%2C98&sr=8-44,"NYX PROFESSIONAL MAKEUP HD Studio Photogenic Concealer Wand, Medium Coverage - Nude Beige",1 Count (Pack of 1),4.4 out of 5 stars,"2,745",$4.97,"FREE delivery Tue, Nov 22 on $25 of items shipped by AmazonOr fastest delivery Fri, Nov 18|",B06Y4RFKHG,https://m.media-amazon.com/images/I/61UJNwY1iQL._AC_UL320_.jpg
2629,https://www.amazon.com/NYX-PROFESSIONAL-MAKEUP-Concealer-Correcting/dp/B00VF9Z7OE/ref=sr_1_45?crid=1OEXB3S7V0O0A&keywords=concealer&qid=1668625923&sprefix=concealer%2Caps%2C98&sr=8-45,NYX PROFESSIONAL MAKEUP Color Correcting Concealer Palette,6 Count (Pack of 1),4.2 out of 5 stars,"19,165",$9.80,FREE delivery Nov 23 - 25,B00VF9Z7OE,https://m.media-amazon.com/images/I/51NTnvNZHJL._AC_UL320_.jpg
2630,https://www.amazon.com/Maybelline-New-York-Facestudio-Conceal/dp/B00PFCS80M/ref=sr_1_46?crid=1OEXB3S7V0O0A&keywords=concealer&qid=1668625923&sprefix=concealer%2Caps%2C98&sr=8-46,"Maybelline New York Facestudio Master Conceal Makeup, Light, 0.4 fl. oz.",0.4 Fl Oz (Pack of 1),4.6 out of 5 stars,"6,790",$6.63,"FREE delivery Tue, Nov 22 on $25 of items shipped by AmazonOr fastest delivery Fri, Nov 18|",B00PFCS80M,https://m.media-amazon.com/images/I/71hoA3Ff12L._AC_UL320_.jpg
2631,https://www.amazon.com/Black-Radiance-Concealer-Stick-Light/dp/B01FIL3TS0/ref=sr_1_47?crid=1OEXB3S7V0O0A&keywords=concealer&qid=1668625923&sprefix=concealer%2Caps%2C98&sr=8-47,"Black Radiance Concealer Stick, Light, 0.18 Ounce",0.18 Ounce (Pack of 1),3.9 out of 5 stars,"1,116",$1.69,"FREE delivery Tue, Nov 22 on $25 of items shipped by AmazonOr fastest delivery Fri, Nov 18|",B01FIL3TS0,https://m.media-amazon.com/images/I/71Q6Q4z5z1L._AC_UL320_.jpg
2632,https://www.amazon.com/L-Girl-Concealer-Ounce/dp/B009WI05BU/ref=sr_1_48?crid=1OEXB3S7V0O0A&keywords=concealer&qid=1668625923&sprefix=concealer%2Caps%2C98&sr=8-48,"L.A. Girl Pro Concealer, Fawn, 0.28 Oz (LAX-GC983-A)",0.28 Ounce (Pack of 1),4.5 out of 5 stars,"17,565",$4.50,"FREE delivery Tue, Nov 22 on $25 of items shipped by AmazonOr fastest delivery Sat, Nov 19|",B009WI05BU,https://m.media-amazon.com/images/I/51D3fIaDgLL._AC_UL320_.jpg
2633,https://www.amazon.com/l-f-Concealer-Shades-Cocoa-0-2oz/dp/B07PPB6LLD/ref=sr_1_49?crid=1OEXB3S7V0O0A&keywords=concealer&qid=1668625923&sprefix=concealer%2Caps%2C98&sr=8-49,"e.l.f. 16HR Camo Concealer, Full Coverage & Highly Pigmented, Matte Finish, Rich Cocoa, 0.203 Fl Oz (6mL)",0.2 Fl Oz (Pack of 1),4.5 out of 5 stars,502,$7.00,"FREE delivery Tue, Nov 22 on $25 of items shipped by AmazonOr fastest delivery Fri, Nov 18|",B07PPB6LLD,https://m.media-amazon.com/images/I/61xLYPKp-GL._AC_UL320_.jpg
2634,https://www.amazon.com/LOr%C3%A9al-Paris-Super-Blendable-Concealer-Medium/dp/B004BCVM0K/ref=sr_1_50?crid=1OEXB3S7V0O0A&keywords=concealer&qid=1668625923&sprefix=concealer%2Caps%2C98&sr=8-50,"L'Oreal Paris True Match Super-Blendable Concealer, Light/Medium Warm, 0.17-Fluid Ounce",0.17 Fl Oz (Pack of 1),4.5 out of 5 stars,"3,238",$8.91,"FREE delivery Tue, Nov 22 on $25 of items shipped by AmazonOr fastest delivery Fri, Nov 18|",B004BCVM0K,https://m.media-amazon.com/images/I/41fxqcCW7EL._AC_UL320_.jpg
2635,https://www.amazon.com/KAJA-Dont-Settle-Concealer-Sweet/dp/B086PFR91H/ref=sr_1_51?crid=1OEXB3S7V0O0A&keywords=concealer&qid=1668625923&sprefix=concealer%2Caps%2C98&sr=8-51,"Kaja Liquid Concealer - Don't Settle | Buildable, Lightweight, Light-to-medium Coverage, Color-correcting, 01 Sweet Rice, 0.21 Oz",0.21 Ounce (Pack of 1),4.3 out of 5 stars,367,$16.00,"FREE delivery Tue, Nov 22 on $25 of items shipped by AmazonOr fastest delivery Fri, Nov 18|",B086PFR91H,https://m.media-amazon.com/images/I/61SSo36TqPL._AC_UL320_.jpg
2636,https://www.amazon.com/NYX-Cosmetics-Concealer-Glow-Ounce/dp/B002S8RWH6/ref=sr_1_52?crid=1OEXB3S7V0O0A&keywords=concealer&qid=1668625923&sprefix=concealer%2Caps%2C98&sr=8-52,"NYX Cosmetics Concealer Jar, Glow, 0.24 Ounce",0.24 Fl Oz (Pack of 1),4.2 out of 5 stars,"4,472",$7.28,"FREE delivery Tue, Nov 22 on $25 of items shipped by AmazonOr fastest delivery Sun, Nov 20|",B002S8RWH6,https://m.media-amazon.com/images/I/51ZmPd41RjL._AC_UL320_.jpg
2637,https://www.amazon.com/Cover-Perfection-Concealer-SPF28-Natural/dp/B00X848NW2/ref=sr_1_53?crid=1OEXB3S7V0O0A&keywords=concealer&qid=1668625923&sprefix=concealer%2Caps%2C98&sr=8-53,"[the SAEM] Cover Perfection Tip Concealer SPF28 PA++ 6.5g - High Adherence Concealer without Clumping and Cracking, Covers Blemishes, Freckles and Dark Circles #1.5 Natural Beige",1 Count (Pack of 1),4.3 out of 5 stars,"2,750",$6.99,"FREE delivery Tue, Nov 22 on $25 of items shipped by AmazonOr fastest delivery Fri, Nov 18||Climate Pledge Friendly|Climate Pledge Friendly|Climate Pledge Friendly|<img alt="""" src=""https://m.media-amazon.com/images/I/216-OX9rBaL._SS200_.png"" height=""50px"" width=""50px""/>  Climate Pledge Friendly|<img alt="""" src=""https://m.media-amazon.com/images/I/216-OX9rBaL._SS200_.png"" height=""50px"" width=""50px""/>  Climate Pledge Friendly|<img alt="""" src=""https://m.media-amazon.com/images/I/41Y2L-DZWfL._SS200_.png"" height=""50px"" width=""50px""/> Compact by Design (Certified by Amazon)",B00X848NW2,https://m.media-amazon.com/images/I/61Q2S7uGgHL._AC_UL320_.jpg|https://m.media-amazon.com/images/I/216-OX9rBaL._SS200_.png||
2638,https://www.amazon.com/Maybelline-Concealer-Natural-Coverage-Oil-Free/dp/B0046VJTX8/ref=sr_1_54?crid=1OEXB3S7V0O0A&keywords=concealer&qid=1668625923&sprefix=concealer%2Caps%2C98&sr=8-54,"Maybelline Fit Me Liquid Concealer Makeup, Natural Coverage, Oil-Free, Light, 1 Count",$6.59 with Subscribe & Save discountSave 50% on 1 when you buy 2,4.4 out of 5 stars,"16,970",$6.94,"FREE delivery Tue, Nov 22 on $25 of items shipped by AmazonOr fastest delivery Sat, Nov 19|",B0046VJTX8,https://m.media-amazon.com/images/I/41R9V6NYIcL._AC_UL320_.jpg
2639,https://www.amazon.com/Kokie-Cosmetics-Bright-Concealor-Correctors/dp/B07DPV8ZGS/ref=sr_1_55?crid=1OEXB3S7V0O0A&keywords=concealer&qid=1668625923&sprefix=concealer%2Caps%2C98&sr=8-55,"Kokie Cosmetics Be Bright - Concealor and Color Correctors, Light, 0.21 Fluid Ounce",0.21 Fl Oz (Pack of 1),4.6 out of 5 stars,"3,510",$9.74,"FREE delivery Tue, Nov 22 on $25 of items shipped by AmazonOr fastest delivery Fri, Nov 18|",B07DPV8ZGS,https://m.media-amazon.com/images/I/51K41jKkxSL._AC_UL320_.jpg
2640,https://www.amazon.com/Clinique-Perfecting-Foundation-Concealer-Alabaster/dp/B00TR7CTN8/ref=sr_1_56?crid=1OEXB3S7V0O0A&keywords=concealer&qid=1668625923&sprefix=concealer%2Caps%2C98&sr=8-56,"Clinique Beyond Perfecting Foundation + Concealer CN 10 Alabaster (VF), 1 oz / 30 ml",1 Fl Oz (Pack of 1),4.8 out of 5 stars,349,$21.37,"FREE delivery Wed, Nov 23 on $25 of items shipped by AmazonOr fastest delivery Sat, Nov 19|",B00TR7CTN8,https://m.media-amazon.com/images/I/51Q2yssm62L._AC_UL320_.jpg
2641,https://www.amazon.com/LOr%C3%A9al-Paris-Blendable-Crayon-Concealer/dp/B00AUFS9FS/ref=sr_1_57?crid=1OEXB3S7V0O0A&keywords=concealer&qid=1668625923&sprefix=concealer%2Caps%2C98&sr=8-57,"L'Oreal Paris True Match Super Blendable Crayon Concealer, Light/Medium Warm, 0.1 oz.",0.1 Fl Oz (Pack of 1),4.5 out of 5 stars,"3,757",$7.99,"FREE delivery Tue, Nov 22 on $25 of items shipped by AmazonOr fastest delivery Fri, Nov 18|",B00AUFS9FS,https://m.media-amazon.com/images/I/61++KrevabL._AC_UL320_.jpg
2642,https://www.amazon.com/COVERGIRL-Invisible-Lightweight-Concealer-Applicator/dp/B001792GLY/ref=sr_1_58?crid=1OEXB3S7V0O0A&keywords=concealer&qid=1668625923&sprefix=concealer%2Caps%2C98&sr=8-58,"COVERGIRL Clean Invisible Lightweight Concealer Light, .32 oz",1 Count (Pack of 1),4.6 out of 5 stars,"1,806",$6.29,"FREE delivery Tue, Nov 22 on $25 of items shipped by AmazonOr fastest delivery Fri, Nov 18|",B001792GLY,https://m.media-amazon.com/images/I/51CmVLcEQkL._AC_UL320_.jpg
2643,https://www.amazon.com/COVERGIRL-Gorgeous-Complexion-Concealer-packaging/dp/B00J2APQXU/ref=sr_1_59?crid=1OEXB3S7V0O0A&keywords=concealer&qid=1668625923&sprefix=concealer%2Caps%2C98&sr=8-59,"COVERGIRL Ready Set Gorgeous Fresh Complexion Concealer Light 115/120, .37 oz (packaging may vary)",1 Count (Pack of 1),4.4 out of 5 stars,"2,665",$5.99,"FREE delivery Tue, Nov 22 on $25 of items shipped by AmazonOr fastest delivery Fri, Nov 18|",B00J2APQXU,https://m.media-amazon.com/images/I/51V3Zi8eWhL._AC_UL320_.jpg
2644,https://www.amazon.com/Kisses-Concealer-Foundation-Flawless-Makeup/dp/B07RLR8D98/ref=sr_1_60?crid=1OEXB3S7V0O0A&keywords=concealer&qid=1668625923&sprefix=concealer%2Caps%2C98&sr=8-60,Ruby Kisses HD Concealer & Foundation Flawless Full Cover Brush Face Makeup (Light Ivory),"FREE delivery Tue, Nov 22 on $25 of items shipped by AmazonOr fastest delivery Fri, Nov 18",4.3 out of 5 stars,189,$3.98,"FREE delivery Tue, Nov 22 on $25 of items shipped by AmazonOr fastest delivery Fri, Nov 18|",B07RLR8D98,https://m.media-amazon.com/images/I/716IMXXsQ2L._AC_UL320_.jpg
2645,https://aax-us-iad.amazon.com/x/c/RATphuPfpThpajU3xbmXdacAAAGEgdr8rAEAAAH2AQBOL0EgICAgICAgICAgICBOL0EgICAgICAgICAgICBbGAT4/https://www.amazon.com/dp/B083W5RMR6?pd_rd_i=B083W5RMR6&pf_rd_p=55defc4a-7c1e-47a7-8d1d-5cc458cca688&pf_rd_r=B2ZAJYB0F5V085H2FE2F&pd_rd_wg=Kqzjf&pd_rd_w=Jg7Be&pd_rd_r=52c2a81b-8c81-4b24-8b64-572f08cc32de,"Dermablend Cover Care Concealer, Full Coverage Concealer Makeup and Corrector for Under Eye Dark Circles, Acne & Blemishes",Sponsored,4.3 out of 5 stars,"4,414",$28.00,FREE delivery,,
2652,https://www.amazon.com/sspa/click?ie=UTF8&spc=MToyMzM5MTQ5NzMxODU1NTUxOjE2Njg2MjU5NTA6c3BfYXRmOjIwMDA5MDY5NTUzMzYzMTo6MDo6&url=%2FREVLON-Fierce-Mascara-fluid_ounces-Blackest%2Fdp%2FB08NSVTL6C%2Fref%3Dsr_1_1_sspa%3Fcrid%3D1VLMDVFOHF8NG%26keywords%3Dmascara%26qid%3D1668625950%26sprefix%3Dmascara%252Caps%252C95%26sr%3D8-1-spons%26sp_csd%3Dd2lkZ2V0TmFtZT1zcF9hdGY%26psc%3D1,"Mascara by Revlon, So Fierce Big Bad Lash Eye Makeup, Volumizing, Lasts up to 24 Hours, No Clump, Smudge Proof, Flake Proof, Blackest Black (760), 0.34 Fl Oz",Sponsored,4.2 out of 5 stars,"6,455",$8.12,"FREE delivery Tue, Nov 22 on $25 of items shipped by AmazonOr fastest delivery Fri, Nov 18|",B08NSVTL6C,https://m.media-amazon.com/images/I/712mtzjH2vL._AC_UL320_.jpg
2653,https://www.amazon.com/sspa/click?ie=UTF8&spc=MToyMzM5MTQ5NzMxODU1NTUxOjE2Njg2MjU5NTA6c3BfYXRmOjIwMDA2NzA0NDkxMTU5ODo6MDo6&url=%2FMaybelline-New-York-Sensational-Lengthening%2Fdp%2FB09XYKHN63%2Fref%3Dsr_1_2_sspa%3Fcrid%3D1VLMDVFOHF8NG%26keywords%3Dmascara%26qid%3D1668625950%26sprefix%3Dmascara%252Caps%252C95%26sr%3D8-2-spons%26sp_csd%3Dd2lkZ2V0TmFtZT1zcF9hdGY%26psc%3D1,"Maybelline New York Lash Sensational Sky High Serum Infused Lash Primer for Mascara, Lengthening, Thickening, Tinted and Washable Formula, Soft Black 0.26 Fl Oz, 1 Count",Sponsored,4.4 out of 5 stars,"104,036",$17.96,FREE delivery on $25 shipped by Amazon.,B09XYKHN63,https://m.media-amazon.com/images/I/81tPyUEUCvL._AC_UL320_.jpg
2654,https://www.amazon.com/sspa/click?ie=UTF8&spc=MToyMzM5MTQ5NzMxODU1NTUxOjE2Njg2MjU5NTA6c3BfYXRmOjIwMDA2NjMzNDQ3NzI5ODo6MDo6&url=%2FWaterproof-Definition-Smudging-Dermatologist-Ophthalmologist%2Fdp%2FB08ZCW24FX%2Fref%3Dsr_1_3_sspa%3Fcrid%3D1VLMDVFOHF8NG%26keywords%3Dmascara%26qid%3D1668625950%26sprefix%3Dmascara%252Caps%252C95%26sr%3D8-3-spons%26sp_csd%3Dd2lkZ2V0TmFtZT1zcF9hdGY%26psc%3D1,"Black Thrive Mascara Waterproof, Tubing Mascara, Intense Length Luxury Beauty Big Eye, Volume & Definition, No Smudging, No Clumping Lasting All Day, Dermatologist & Ophthalmologist Tested",Sponsored,4.2 out of 5 stars,429,$8.98,"FREE delivery Tue, Nov 22 on $25 of items shipped by AmazonOr fastest delivery Fri, Nov 18|",B08ZCW24FX,https://m.media-amazon.com/images/I/81-1+CICj8L._AC_UL320_.jpg
2655,https://www.amazon.com/sspa/click?ie=UTF8&spc=MToyMzM5MTQ5NzMxODU1NTUxOjE2Njg2MjU5NTA6c3BfYXRmOjIwMDA0NzQxMDc5Mzc5ODo6MDo6&url=%2FHonest-Beauty-Extreme-Length-Mascara%2Fdp%2FB07F462B2D%2Fref%3Dsr_1_4_sspa%3Fcrid%3D1VLMDVFOHF8NG%26keywords%3Dmascara%26qid%3D1668625950%26rdc%3D1%26sprefix%3Dmascara%252Caps%252C95%26sr%3D8-4-spons%26sp_csd%3Dd2lkZ2V0TmFtZT1zcF9hdGY%26psc%3D1,"Honest Beauty Extreme Length Mascara + Lash Primer | 2-in-1 Boosts Lash Length, Volume & Definition | Silicone Free, Paraben Free, Dermatologist & Ophthalmologist Tested | 0.2 Fl Oz, Black",Sponsored,4.2 out of 5 stars,"16,189",$17.99,"FREE delivery Tue, Nov 22 on $25 of items shipped by AmazonOr fastest delivery Sat, Nov 19||Climate Pledge Friendly|Climate Pledge Friendly|Climate Pledge Friendly|<img alt="""" src=""https://m.media-amazon.com/images/I/216-OX9rBaL._SS200_.png"" height=""50px"" width=""50px""/>  Climate Pledge Friendly|<img alt="""" src=""https://m.media-amazon.com/images/I/216-OX9rBaL._SS200_.png"" height=""50px"" width=""50px""/>  Climate Pledge Friendly|<img alt="""" src=""https://m.media-amazon.com/images/I/31OPjlesFNL._SS200_.png"" height=""50px"" width=""50px""/> EWG Verified",B07F462B2D,https://m.media-amazon.com/images/I/51DV4vg1TEL._AC_UL320_.jpg|https://m.media-amazon.com/images/I/216-OX9rBaL._SS200_.png||
2656,https://www.amazon.com/essence-Princess-Effect-Mascara-Cruelty/dp/B00T0C9XRK/ref=sr_1_5?crid=1VLMDVFOHF8NG&keywords=mascara&qid=1668625950&sprefix=mascara%2Caps%2C95&sr=8-5,essence | Lash Princess False Lash Effect Mascara | Gluten & Cruelty Free,1 Count (Pack of 1),4.4 out of 5 stars,"300,856",$4.99,"FREE delivery Tue, Nov 22 on $25 of items shipped by AmazonOr fastest delivery Fri, Nov 18|",B00T0C9XRK,https://m.media-amazon.com/images/I/61K6cQhw4EL._AC_UL320_.jpg
2657,https://www.amazon.com/Maybelline-Sensational-Washable-Mascara-Blackest/dp/B00PFCT2R0/ref=sr_1_6?crid=1VLMDVFOHF8NG&keywords=mascara&qid=1668625950&sprefix=mascara%2Caps%2C95&sr=8-6,"Maybelline Lash Sensational Washable Mascara, Blackest Black, 0.32 fl; Oz; (Packaging May Vary)",0.32 Fl Oz (Pack of 1),4.5 out of 5 stars,"111,408",$8.53,FREE delivery on $25 shipped by Amazon.,B00PFCT2R0,https://m.media-amazon.com/images/I/5169QCd9uSL._AC_UL320_.jpg
2658,https://www.amazon.com/Maybelline-New-York-Lengthening-Multiplying/dp/B09VCXH9GF/ref=sr_1_7?crid=1VLMDVFOHF8NG&keywords=mascara&qid=1668625950&sprefix=mascara%2Caps%2C95&sr=8-7,"Maybelline New York Sky High Washable Mascara Makeup, Volumizing Mascara, Buildable, Lengthening Mascara, Defining, Curling, Multiplying, True Brown, 0.24 Fl Oz",0.24 Fl Oz (Pack of 1),4.4 out of 5 stars,"104,036",$9.98,"FREE delivery Tue, Nov 22 on $25 of items shipped by AmazonOr fastest delivery Fri, Nov 18|",B09VCXH9GF,https://m.media-amazon.com/images/I/71N3I6ocElL._AC_UL320_.jpg
2659,https://www.amazon.com/sspa/click?ie=UTF8&spc=MTo2MzY2NTUyNTc3MDM0MDcxOjE2Njg2MjU5NTA6c3Bfc2VhcmNoX3RoZW1hdGljOjIwMDA5MDY5NTUzMzYzMTo6MDo6&url=%2FREVLON-Fierce-Mascara-fluid_ounces-Blackest%2Fdp%2FB08NSVTL6C%2Fref%3Dsxin_16_pa_sp_search_thematic_sspa%3Fcontent-id%3Damzn1.sym.4e7a2229-074e-44de-95c4-9fd858f46295%253Aamzn1.sym.4e7a2229-074e-44de-95c4-9fd858f46295%26crid%3D1VLMDVFOHF8NG%26cv_ct_cx%3Dmascara%26keywords%3Dmascara%26pd_rd_i%3DB08NSVTL6C%26pd_rd_r%3D79e86872-9aae-46ec-beb5-7ea855a9efda%26pd_rd_w%3Dd6c5r%26pd_rd_wg%3D4JuAg%26pf_rd_p%3D4e7a2229-074e-44de-95c4-9fd858f46295%26pf_rd_r%3DFNP0MMV87GF2JC77WSJS%26qid%3D1668625950%26sprefix%3Dmascara%252Caps%252C95%26sr%3D1-1-a73d1c8c-2fd2-4f19-aa41-2df022bcb241-spons%26sp_csd%3Dd2lkZ2V0TmFtZT1zcF9zZWFyY2hfdGhlbWF0aWM%26psc%3D1,"Mascara by Revlon, So Fierce Big Bad Lash Eye Makeup, Volumizing, Lasts up to 24 Hours, No Clump, Smudge Proof, Flake Proof, Blackest Black (760), 0.34 Fl Oz",0.34 Fl Oz (Pack of 1),4.2 out of 5 stars|4.2 out of 5 stars|4.5 out of 5 stars|4.4 out of 5 stars|4.5 out of 5 stars,"6,455|16,189|8,841|104,036|3,766",$8.12,"Climate Pledge Friendly|Climate Pledge Friendly|Climate Pledge Friendly|<img alt="""" src=""https://m.media-amazon.com/images/I/216-OX9rBaL._SS200_.png"" height=""50px"" width=""50px""/>  Climate Pledge Friendly|<img alt="""" src=""https://m.media-amazon.com/images/I/216-OX9rBaL._SS200_.png"" height=""50px"" width=""50px""/>  Climate Pledge Friendly|<img alt="""" src=""https://m.media-amazon.com/images/I/31OPjlesFNL._SS200_.png"" height=""50px"" width=""50px""/> EWG Verified|Small Business|Small Business|Small Business|<img alt="""" src=""https://m.media-amazon.com/images/I/111mHoVK0kL._SS200_.png"" height=""50px"" width=""50px""/>  Small Business|<img alt="""" src=""https://m.media-amazon.com/images/I/111mHoVK0kL._SS200_.png"" height=""50px"" width=""50px""/>  Small Business",,https://m.media-amazon.com/images/I/712mtzjH2vL._AC_UL320_.jpg|https://m.media-amazon.com/images/I/51DV4vg1TEL._AC_UL320_.jpg|https://m.media-amazon.com/images/I/216-OX9rBaL._SS200_.png|||https://m.media-amazon.com/images/I/71q1UK9G12L._AC_UL320_.jpg|https://m.media-amazon.com/images/I/111mHoVK0kL._SS200_.png||https://m.media-amazon.com/images/I/81tPyUEUCvL._AC_UL320_.jpg|https://m.media-amazon.com/images/I/510hptqSyXL._AC_UL320_.jpg
2660,https://www.amazon.com/sspa/click?ie=UTF8&spc=MTo2MzY2NTUyNTc3MDM0MDcxOjE2Njg2MjU5NTA6c3Bfc2VhcmNoX3RoZW1hdGljOjIwMDA5MDY5NTUzMzYzMTo6MDo6&url=%2FREVLON-Fierce-Mascara-fluid_ounces-Blackest%2Fdp%2FB08NSVTL6C%2Fref%3Dsxin_16_pa_sp_search_thematic_sspa%3Fcontent-id%3Damzn1.sym.4e7a2229-074e-44de-95c4-9fd858f46295%253Aamzn1.sym.4e7a2229-074e-44de-95c4-9fd858f46295%26crid%3D1VLMDVFOHF8NG%26cv_ct_cx%3Dmascara%26keywords%3Dmascara%26pd_rd_i%3DB08NSVTL6C%26pd_rd_r%3D79e86872-9aae-46ec-beb5-7ea855a9efda%26pd_rd_w%3Dd6c5r%26pd_rd_wg%3D4JuAg%26pf_rd_p%3D4e7a2229-074e-44de-95c4-9fd858f46295%26pf_rd_r%3DFNP0MMV87GF2JC77WSJS%26qid%3D1668625950%26sprefix%3Dmascara%252Caps%252C95%26sr%3D1-1-a73d1c8c-2fd2-4f19-aa41-2df022bcb241-spons%26sp_csd%3Dd2lkZ2V0TmFtZT1zcF9zZWFyY2hfdGhlbWF0aWM%26psc%3D1,"Mascara by Revlon, So Fierce Big Bad Lash Eye Makeup, Volumizing, Lasts up to 24 Hours, No Clump, Smudge Proof, Flake Proof, Blackest Black (760), 0.34 Fl Oz",0.34 Fl Oz (Pack of 1),4.2 out of 5 stars,"6,455",$8.12,,B08NSVTL6C,https://m.media-amazon.com/images/I/712mtzjH2vL._AC_UL320_.jpg
2661,https://www.amazon.com/sspa/click?ie=UTF8&spc=MTo2MzY2NTUyNTc3MDM0MDcxOjE2Njg2MjU5NTA6c3Bfc2VhcmNoX3RoZW1hdGljOjIwMDA0NzQxMDc5Mzc5ODo6MTo6&url=%2FHonest-Beauty-Extreme-Length-Mascara%2Fdp%2FB07F462B2D%2Fref%3Dsxin_16_pa_sp_search_thematic_sspa%3Fcontent-id%3Damzn1.sym.4e7a2229-074e-44de-95c4-9fd858f46295%253Aamzn1.sym.4e7a2229-074e-44de-95c4-9fd858f46295%26crid%3D1VLMDVFOHF8NG%26cv_ct_cx%3Dmascara%26keywords%3Dmascara%26pd_rd_i%3DB07F462B2D%26pd_rd_r%3D79e86872-9aae-46ec-beb5-7ea855a9efda%26pd_rd_w%3Dd6c5r%26pd_rd_wg%3D4JuAg%26pf_rd_p%3D4e7a2229-074e-44de-95c4-9fd858f46295%26pf_rd_r%3DFNP0MMV87GF2JC77WSJS%26qid%3D1668625950%26rdc%3D1%26sprefix%3Dmascara%252Caps%252C95%26sr%3D1-2-a73d1c8c-2fd2-4f19-aa41-2df022bcb241-spons%26sp_csd%3Dd2lkZ2V0TmFtZT1zcF9zZWFyY2hfdGhlbWF0aWM%26psc%3D1,"Honest Beauty Extreme Length Mascara + Lash Primer | 2-in-1 Boosts Lash Length, Volume & Definition | Silicone Free, Paraben Free, Dermatologist & Ophthalmologist Tested | 0.2 Fl Oz, Black",0.2 Fl Oz (Pack of 1),4.2 out of 5 stars,"16,189",$17.99,"Climate Pledge Friendly|Climate Pledge Friendly|Climate Pledge Friendly|<img alt="""" src=""https://m.media-amazon.com/images/I/216-OX9rBaL._SS200_.png"" height=""50px"" width=""50px""/>  Climate Pledge Friendly|<img alt="""" src=""https://m.media-amazon.com/images/I/216-OX9rBaL._SS200_.png"" height=""50px"" width=""50px""/>  Climate Pledge Friendly|<img alt="""" src=""https://m.media-amazon.com/images/I/31OPjlesFNL._SS200_.png"" height=""50px"" width=""50px""/> EWG Verified",B07F462B2D,https://m.media-amazon.com/images/I/51DV4vg1TEL._AC_UL320_.jpg|https://m.media-amazon.com/images/I/216-OX9rBaL._SS200_.png||
2662,https://www.amazon.com/sspa/click?ie=UTF8&spc=MTo2MzY2NTUyNTc3MDM0MDcxOjE2Njg2MjU5NTA6c3Bfc2VhcmNoX3RoZW1hdGljOjIwMDA0NjA0MzUyNzQ0MTo6Mjo6&url=%2FCosmetics-Superhero-Elastic-Stretch-Volumizing%2Fdp%2FB01AKTZFZU%2Fref%3Dsxin_16_pa_sp_search_thematic_sspa%3Fcontent-id%3Damzn1.sym.4e7a2229-074e-44de-95c4-9fd858f46295%253Aamzn1.sym.4e7a2229-074e-44de-95c4-9fd858f46295%26crid%3D1VLMDVFOHF8NG%26cv_ct_cx%3Dmascara%26keywords%3Dmascara%26pd_rd_i%3DB01AKTZFZU%26pd_rd_r%3D79e86872-9aae-46ec-beb5-7ea855a9efda%26pd_rd_w%3Dd6c5r%26pd_rd_wg%3D4JuAg%26pf_rd_p%3D4e7a2229-074e-44de-95c4-9fd858f46295%26pf_rd_r%3DFNP0MMV87GF2JC77WSJS%26qid%3D1668625950%26sprefix%3Dmascara%252Caps%252C95%26sr%3D1-3-a73d1c8c-2fd2-4f19-aa41-2df022bcb241-spons%26sp_csd%3Dd2lkZ2V0TmFtZT1zcF9zZWFyY2hfdGhlbWF0aWM%26psc%3D1%26smid%3DA32GOXAC8X4KTS,"IT Cosmetics Superhero Mascara, Super Black - Elastic Stretch Volumizing & Lengthening Mascara - Lifts, Separates & Conditions Lashes - With Collagen, Biotin & Peptides - 0.3 fl oz",0.3 Fl Oz (Pack of 1),4.5 out of 5 stars,"8,841",$18.98,"Small Business|Small Business|Small Business|<img alt="""" src=""https://m.media-amazon.com/images/I/111mHoVK0kL._SS200_.png"" height=""50px"" width=""50px""/>  Small Business|<img alt="""" src=""https://m.media-amazon.com/images/I/111mHoVK0kL._SS200_.png"" height=""50px"" width=""50px""/>  Small Business",B01AKTZFZU,https://m.media-amazon.com/images/I/71q1UK9G12L._AC_UL320_.jpg|https://m.media-amazon.com/images/I/111mHoVK0kL._SS200_.png|
2663,https://www.amazon.com/sspa/click?ie=UTF8&spc=MTo2MzY2NTUyNTc3MDM0MDcxOjE2Njg2MjU5NTA6c3Bfc2VhcmNoX3RoZW1hdGljOjIwMDA2NzA0NDkxMTU5ODo6Mzo6&url=%2FMaybelline-New-York-Sensational-Lengthening%2Fdp%2FB09XYKHN63%2Fref%3Dsxin_16_pa_sp_search_thematic_sspa%3Fcontent-id%3Damzn1.sym.4e7a2229-074e-44de-95c4-9fd858f46295%253Aamzn1.sym.4e7a2229-074e-44de-95c4-9fd858f46295%26crid%3D1VLMDVFOHF8NG%26cv_ct_cx%3Dmascara%26keywords%3Dmascara%26pd_rd_i%3DB09XYKHN63%26pd_rd_r%3D79e86872-9aae-46ec-beb5-7ea855a9efda%26pd_rd_w%3Dd6c5r%26pd_rd_wg%3D4JuAg%26pf_rd_p%3D4e7a2229-074e-44de-95c4-9fd858f46295%26pf_rd_r%3DFNP0MMV87GF2JC77WSJS%26qid%3D1668625950%26sprefix%3Dmascara%252Caps%252C95%26sr%3D1-4-a73d1c8c-2fd2-4f19-aa41-2df022bcb241-spons%26sp_csd%3Dd2lkZ2V0TmFtZT1zcF9zZWFyY2hfdGhlbWF0aWM%26psc%3D1,"Maybelline New York Lash Sensational Sky High Serum Infused Lash Primer for Mascara, Lengthening, Thickening, Tinted and Washable Formula, Soft Black 0.26 Fl Oz, 1 Count",2 Piece Set,4.4 out of 5 stars,"104,036",$17.96,,B09XYKHN63,https://m.media-amazon.com/images/I/81tPyUEUCvL._AC_UL320_.jpg
2664,https://www.amazon.com/sspa/click?ie=UTF8&spc=MTo2MzY2NTUyNTc3MDM0MDcxOjE2Njg2MjU5NTA6c3Bfc2VhcmNoX3RoZW1hdGljOjIwMDA1NTkyNDk2OTg5ODo6NDo6&url=%2FBuxom-Lash-Volumizing-Mascara%2Fdp%2FB00K6MHGZY%2Fref%3Dsxin_16_pa_sp_search_thematic_sspa%3Fcontent-id%3Damzn1.sym.4e7a2229-074e-44de-95c4-9fd858f46295%253Aamzn1.sym.4e7a2229-074e-44de-95c4-9fd858f46295%26crid%3D1VLMDVFOHF8NG%26cv_ct_cx%3Dmascara%26keywords%3Dmascara%26pd_rd_i%3DB00K6MHGZY%26pd_rd_r%3D79e86872-9aae-46ec-beb5-7ea855a9efda%26pd_rd_w%3Dd6c5r%26pd_rd_wg%3D4JuAg%26pf_rd_p%3D4e7a2229-074e-44de-95c4-9fd858f46295%26pf_rd_r%3DFNP0MMV87GF2JC77WSJS%26qid%3D1668625950%26sprefix%3Dmascara%252Caps%252C95%26sr%3D1-5-a73d1c8c-2fd2-4f19-aa41-2df022bcb241-spons%26sp_csd%3Dd2lkZ2V0TmFtZT1zcF9zZWFyY2hfdGhlbWF0aWM%26psc%3D1,Buxom Buxom Lash Volumizing Mascara,0.37 Fl Oz (Pack of 1),4.5 out of 5 stars,"3,766",$23.00,,B00K6MHGZY,https://m.media-amazon.com/images/I/510hptqSyXL._AC_UL320_.jpg
2666,https://www.amazon.com/LOreal-Paris-Voluminous-Blackest-Black/dp/B004BCTFVS/ref=sr_1_8?crid=1VLMDVFOHF8NG&keywords=mascara&qid=1668625950&sprefix=mascara%2Caps%2C95&sr=8-8,"L'Oreal Paris Makeup Voluminous Original Volume Building Mascara, Blackest Black, 0.28 fl; Oz, 1 Count",0.28 Fl Oz (Pack of 1),4.5 out of 5 stars,"81,443",$8.98,"FREE delivery Tue, Nov 22 on $25 of items shipped by AmazonOr fastest delivery Fri, Nov 18|",B004BCTFVS,https://m.media-amazon.com/images/I/61h7WeP72PL._AC_UL320_.jpg
2667,https://www.amazon.com/Paris-Telescopic-Original-Lengthening-Mascara/dp/B004BCXA7S/ref=sr_1_9?crid=1VLMDVFOHF8NG&keywords=mascara&qid=1668625950&sprefix=mascara%2Caps%2C95&sr=8-9,"L'Oreal Paris Makeup Telescopic Original Lengthening Mascara, Carbon Black, 0.27 Fl Oz (Pack of 1)",0.27 Fl Oz (Pack of 1),4.5 out of 5 stars,"51,378",$8.79,"FREE delivery Tue, Nov 22 on $25 of items shipped by AmazonOr fastest delivery Fri, Nov 18|",B004BCXA7S,https://m.media-amazon.com/images/I/515U5gQ69GL._AC_UL320_.jpg
2668,https://www.amazon.com/Maybelline-New-York-Sensational-Minatures/dp/B0B9818RQW/ref=sr_1_10?crid=1VLMDVFOHF8NG&keywords=mascara&qid=1668625950&sprefix=mascara%2Caps%2C95&sr=8-10,"Maybelline New York Holiday Limited Edition Eye Makeup Gift Set, Sky High Mascara, Lash Sensational Mascara and Master Precise Liquid Eyeliner Minatures, 1 Kit, Black",1 Fl Oz (Pack of 1),4.5 out of 5 stars,53,$9.99,"FREE delivery Tue, Nov 22 on $25 of items shipped by AmazonOr fastest delivery Fri, Nov 18|",B0B9818RQW,https://m.media-amazon.com/images/I/91NgnkQwNnL._AC_UL320_.jpg
2669,https://www.amazon.com/LOreal-Paris-Voluminous-Paradise-Washable/dp/B06XF2TR11/ref=sr_1_11?crid=1VLMDVFOHF8NG&keywords=mascara&qid=1668625950&sprefix=mascara%2Caps%2C95&sr=8-11,"L'Oreal Paris Voluminous Makeup Lash Paradise Mascara, Voluptuous Volume, Intense Length, Feathery Soft Full Lashes, No Flaking, No Smudging, No Clumping, Blackest Black, 1 Count",1 Count (Pack of 1),4.4 out of 5 stars,"94,224",$6.98,FREE delivery on $25 shipped by Amazon.,B06XF2TR11,https://m.media-amazon.com/images/I/61-HEDzYMxL._AC_UL320_.jpg
2670,https://www.amazon.com/Essence-Princess-Effect-Waterproof-Mascara/dp/B07TXJHYKB/ref=sr_1_12?crid=1VLMDVFOHF8NG&keywords=mascara&qid=1668625950&sprefix=mascara%2Caps%2C95&sr=8-12,"essence | Lash Princess False Lash Waterproof Mascara | Vegan & Cruelty Free | Free From Alcohol, Parabens, Fragrance & Microplastic Particles (Pack of 1)",1 Count (Pack of 1),4.4 out of 5 stars,"56,408",$4.99,"FREE delivery Tue, Nov 22 on $25 of items shipped by AmazonOr fastest delivery Fri, Nov 18|",B07TXJHYKB,https://m.media-amazon.com/images/I/61O6219wMHL._AC_UL320_.jpg
2671,https://www.amazon.com/Too-Faced-Better-Mascara-Ounce/dp/B00P0Q0T28/ref=sr_1_13?crid=1VLMDVFOHF8NG&keywords=mascara&qid=1668625950&sprefix=mascara%2Caps%2C95&sr=8-13,Too Faced Better Than Sex Mascara 0.27 Ounce Full Size,0.27 Fl Oz (Pack of 1),4.5 out of 5 stars,"11,676",$18.25,FREE delivery on $25 shipped by Amazon.,B00P0Q0T28,https://m.media-amazon.com/images/I/412If4mVruL._AC_UL320_.jpg
2672,https://www.amazon.com/sspa/click?ie=UTF8&spc=MToyMzMwNzg3MzUxNTE5NzM3OjE2Njg2MjU5NTA6c3Bfc2VhcmNoX3RoZW1hdGljOjo6MDpCMDA0Qko0VFhVOnNlYXJjaA&url=%2FLOreal-Paris-Voluminous-Original-Waterproof%2Fdp%2FB004BJ4TXU%2Fref%3Dsxin_24_pa_sp_search_thematic-asin_sspa%3Fcontent-id%3Damzn1.sym.4228d1d7-b9a2-4dcc-9504-1ef42bcf486a%253Aamzn1.sym.4228d1d7-b9a2-4dcc-9504-1ef42bcf486a%26crid%3D1VLMDVFOHF8NG%26cv_ct_cx%3Dmascara%26keywords%3Dmascara%26pd_rd_i%3DB004BJ4TXU%26pd_rd_r%3D79e86872-9aae-46ec-beb5-7ea855a9efda%26pd_rd_w%3DhHd1j%26pd_rd_wg%3D4JuAg%26pf_rd_p%3D4228d1d7-b9a2-4dcc-9504-1ef42bcf486a%26pf_rd_r%3DFNP0MMV87GF2JC77WSJS%26qid%3D1668625950%26sprefix%3Dmascara%252Caps%252C95%26sr%3D1-1-4a643ae4-6005-4b15-bc31-2c5125e2b25b-spons%26sp_csd%3Dd2lkZ2V0TmFtZT1zcF9zZWFyY2hfdGhlbWF0aWM%26psc%3D1,"L'Oreal Paris Makeup Voluminous Original Volume Building Waterproof Mascara, Black Brown, 1 Count",0.28 Fl Oz (Pack of 1),4.5 out of 5 stars|4.2 out of 5 stars|3.9 out of 5 stars|4.2 out of 5 stars|4.2 out of 5 stars|4.2 out of 5 stars|4.4 out of 5 stars|4.5 out of 5 stars,"81,443|16,189|7,347|212|6,604|4,935|2,581|2,373",$7.68,"Climate Pledge Friendly|Climate Pledge Friendly|Climate Pledge Friendly|<img alt="""" src=""https://m.media-amazon.com/images/I/216-OX9rBaL._SS200_.png"" height=""50px"" width=""50px""/>  Climate Pledge Friendly|<img alt="""" src=""https://m.media-amazon.com/images/I/216-OX9rBaL._SS200_.png"" height=""50px"" width=""50px""/>  Climate Pledge Friendly|<img alt="""" src=""https://m.media-amazon.com/images/I/41Y2L-DZWfL._SS200_.png"" height=""50px"" width=""50px""/> Compact by Design (Certified by Amazon)|Climate Pledge Friendly|Climate Pledge Friendly|Climate Pledge Friendly|<img alt="""" src=""https://m.media-amazon.com/images/I/216-OX9rBaL._SS200_.png"" height=""50px"" width=""50px""/>  Climate Pledge Friendly|<img alt="""" src=""https://m.media-amazon.com/images/I/216-OX9rBaL._SS200_.png"" height=""50px"" width=""50px""/>  Climate Pledge Friendly|<img alt="""" src=""https://m.media-amazon.com/images/I/31OPjlesFNL._SS200_.png"" height=""50px"" width=""50px""/> EWG Verified|Climate Pledge Friendly  Small Business|Climate Pledge Friendly|Climate Pledge Friendly|Small Business|Small Business|<img alt="""" src=""https://m.media-amazon.com/images/I/216-OX9rBaL._SS200_.png"" height=""50px"" width=""50px""/>  Climate Pledge Friendly|<img alt="""" src=""https://m.media-amazon.com/images/I/216-OX9rBaL._SS200_.png"" height=""50px"" width=""50px""/>  Climate Pledge Friendly|<img alt="""" src=""https://m.media-amazon.com/images/I/41Y2L-DZWfL._SS200_.png"" height=""50px"" width=""50px""/> Compact by Design (Certified by Amazon)|<img alt="""" src=""https://m.media-amazon.com/images/I/111mHoVK0kL._SS200_.png"" height=""50px"" width=""50px""/>  Small Business|<img alt="""" src=""https://m.media-amazon.com/images/I/111mHoVK0kL._SS200_.png"" height=""50px"" width=""50px""/>  Small Business|Climate Pledge Friendly  Small Business|Climate Pledge Friendly|Climate Pledge Friendly|Small Business|Small Business|<img alt="""" src=""https://m.media-amazon.com/images/I/216-OX9rBaL._SS200_.png"" height=""50px"" width=""50px""/>  Climate Pledge Friendly|<img alt="""" src=""https://m.media-amazon.com/images/I/216-OX9rBaL._SS200_.png"" height=""50px"" width=""50px""/>  Climate Pledge Friendly|<img alt="""" src=""https://m.media-amazon.com/images/I/51Xs1-s-2hL._SS200_.jpg"" height=""50px"" width=""50px""/> Natrue|<img alt="""" src=""https://m.media-amazon.com/images/I/111mHoVK0kL._SS200_.png"" height=""50px"" width=""50px""/>  Small Business|<img alt="""" src=""https://m.media-amazon.com/images/I/111mHoVK0kL._SS200_.png"" height=""50px"" width=""50px""/>  Small Business|Climate Pledge Friendly|Climate Pledge Friendly|Climate Pledge Friendly|<img alt="""" src=""https://m.media-amazon.com/images/I/216-OX9rBaL._SS200_.png"" height=""50px"" width=""50px""/>  Climate Pledge Friendly|<img alt="""" src=""https://m.media-amazon.com/images/I/216-OX9rBaL._SS200_.png"" height=""50px"" width=""50px""/>  Climate Pledge Friendly|<img alt="""" src=""https://m.media-amazon.com/images/I/21gvAoOh07L._SS200_.png"" height=""50px"" width=""50px""/> CarbonNeutral product by Natural Capital Partners|Climate Pledge Friendly|Climate Pledge Friendly|Climate Pledge Friendly|<img alt="""" src=""https://m.media-amazon.com/images/I/216-OX9rBaL._SS200_.png"" height=""50px"" width=""50px""/>  Climate Pledge Friendly|<img alt="""" src=""https://m.media-amazon.com/images/I/216-OX9rBaL._SS200_.png"" height=""50px"" width=""50px""/>  Climate Pledge Friendly|<img alt="""" src=""https://m.media-amazon.com/images/I/41Y2L-DZWfL._SS200_.png"" height=""50px"" width=""50px""/> Compact by Design (Certified by Amazon)|Climate Pledge Friendly  Small Business|Climate Pledge Friendly|Climate Pledge Friendly|Small Business|Small Business|<img alt="""" src=""https://m.media-amazon.com/images/I/216-OX9rBaL._SS200_.png"" height=""50px"" width=""50px""/>  Climate Pledge Friendly|<img alt="""" src=""https://m.media-amazon.com/images/I/216-OX9rBaL._SS200_.png"" height=""50px"" width=""50px""/>  Climate Pledge Friendly|<img alt="""" src=""https://m.media-amazon.com/images/I/31P6BHLM8wL._SS200_.png"" height=""50px"" width=""50px""/> USDA Organic|<img alt="""" src=""https://m.media-amazon.com/images/I/111mHoVK0kL._SS200_.png"" height=""50px"" width=""50px""/>  Small Business|<img alt="""" src=""https://m.media-amazon.com/images/I/111mHoVK0kL._SS200_.png"" height=""50px"" width=""50px""/>  Small Business|Climate Pledge Friendly|Climate Pledge Friendly|Climate Pledge Friendly|<img alt="""" src=""https://m.media-amazon.com/images/I/216-OX9rBaL._SS200_.png"" height=""50px"" width=""50px""/>  Climate Pledge Friendly|<img alt="""" src=""https://m.media-amazon.com/images/I/216-OX9rBaL._SS200_.png"" height=""50px"" width=""50px""/>  Climate Pledge Friendly|<img alt="""" src=""https://m.media-amazon.com/images/I/31OPjlesFNL._SS200_.png"" height=""50px"" width=""50px""/> EWG Verified",,https://m.media-amazon.com/images/I/619YFV+M74L._AC_UL320_.jpg|https://m.media-amazon.com/images/I/216-OX9rBaL._SS200_.png|||https://m.media-amazon.com/images/I/51DV4vg1TEL._AC_UL320_.jpg|https://m.media-amazon.com/images/I/216-OX9rBaL._SS200_.png|||https://m.media-amazon.com/images/I/61QNrigsYVL._AC_UL320_.jpg|https://m.media-amazon.com/images/I/216-OX9rBaL._SS200_.png|https://m.media-amazon.com/images/I/111mHoVK0kL._SS200_.png||||https://m.media-amazon.com/images/I/61KSDZN2shL._AC_UL320_.jpg|https://m.media-amazon.com/images/I/216-OX9rBaL._SS200_.png|https://m.media-amazon.com/images/I/111mHoVK0kL._SS200_.png||||https://m.media-amazon.com/images/I/71dF+lm6GiS._AC_UL320_.jpg|https://m.media-amazon.com/images/I/216-OX9rBaL._SS200_.png|||https://m.media-amazon.com/images/I/71gkMc87d4L._AC_UL320_.jpg|https://m.media-amazon.com/images/I/216-OX9rBaL._SS200_.png|||https://m.media-amazon.com/images/I/81FewgcmAlL._AC_UL320_.jpg|https://m.media-amazon.com/images/I/216-OX9rBaL._SS200_.png|https://m.media-amazon.com/images/I/111mHoVK0kL._SS200_.png||||https://m.media-amazon.com/images/I/51BFy6V286L._AC_UL320_.jpg|https://m.media-amazon.com/images/I/216-OX9rBaL._SS200_.png||
2673,https://aax-us-iad.amazon.com/x/c/RECqLl2dfTlP52pOpOaT-vQAAAGEgdtmYQEAAAH2AQBOL0EgICAgICAgICAgICBOL0EgICAgICAgICAgICDfHctn/https://www.amazon.com/dp/B08H3JPH74?pd_rd_i=B08H3JPH74&pf_rd_p=b000e0a0-9e93-480f-bf78-a83c8136dfcb&pf_rd_r=FNP0MMV87GF2JC77WSJS&pd_rd_wg=4JuAg&pd_rd_w=MpoYR&pd_rd_r=79e86872-9aae-46ec-beb5-7ea855a9efda,"Maybelline New York Sky High Washable Mascara Makeup, Volumizing Mascara, Buildable, Lengthening Mascara, Defining, Curling, Multiplying, Blackest Black, 0.24 fl. Oz",Sponsored,4.4 out of 5 stars,"104,036",$9.98,"FREE delivery Tue, Nov 22 on $25 of items shipped by AmazonOr fastest delivery Fri, Nov 18|",,
2675,https://www.amazon.com/COVERGIRL-Blast-Clean-Mascara-Black/dp/B08M96YZN1/ref=sr_1_14?crid=1VLMDVFOHF8NG&keywords=mascara&qid=1668625950&sprefix=mascara%2Caps%2C95&sr=8-14,"COVERGIRL Lash Blast Clean Volume Mascara, Very Black, 0.44 Fl Oz, Pack of 1",1 Count (Pack of 1),4.4 out of 5 stars,"12,161",$7.19,"FREE delivery Tue, Nov 22 on $25 of items shipped by AmazonOr fastest delivery Fri, Nov 18|",B08M96YZN1,https://m.media-amazon.com/images/I/71IwjANfH4L._AC_UL320_.jpg
2676,https://www.amazon.com/REVLON-Fierce-Mascara-fluid_ounces-Blackest/dp/B08NSVTL6C/ref=sr_1_15?crid=1VLMDVFOHF8NG&keywords=mascara&qid=1668625950&sprefix=mascara%2Caps%2C95&sr=8-15,"Mascara by Revlon, So Fierce Big Bad Lash Eye Makeup, Volumizing, Lasts up to 24 Hours, No Clump, Smudge Proof, Flake Proof, Blackest Black (760), 0.34 Fl Oz",0.34 Fl Oz (Pack of 1),4.2 out of 5 stars,"6,455",$8.12,"FREE delivery Tue, Nov 22 on $25 of items shipped by AmazonOr fastest delivery Fri, Nov 18|",B08NSVTL6C,https://m.media-amazon.com/images/I/712mtzjH2vL._AC_UL320_.jpg
2677,https://www.amazon.com/Maybelline-Makeup-Waterproof-Mascara-Black/dp/B004OT29MA/ref=sr_1_16?crid=1VLMDVFOHF8NG&keywords=mascara&qid=1668625950&sprefix=mascara%2Caps%2C95&sr=8-16,"Maybelline Full 'N Soft Waterproof Mascara, Very Black, 1 Tube",1 Count (Pack of 1),4.5 out of 5 stars,"9,706",$6.91,"FREE delivery Tue, Nov 22 on $25 of items shipped by AmazonOr fastest delivery Fri, Nov 18|",B004OT29MA,https://m.media-amazon.com/images/I/71GDyglsrFL._AC_UL320_.jpg
2678,https://www.amazon.com/sspa/click?ie=UTF8&spc=MToyMzM5MTQ5NzMxODU1NTUxOjE2Njg2MjU5NTA6c3BfbXRmOjIwMDEwMTQ0MTAxODE5ODo6MDo6&url=%2FExtreme-Mascara-Volumizing-Lengthening-Hypoallergenic%2Fdp%2FB0BKGVWD7T%2Fref%3Dsr_1_17_sspa%3Fcrid%3D1VLMDVFOHF8NG%26keywords%3Dmascara%26qid%3D1668625950%26sprefix%3Dmascara%252Caps%252C95%26sr%3D8-17-spons%26sp_csd%3Dd2lkZ2V0TmFtZT1zcF9tdGY%26psc%3D1,Liquid Extreme Length Mascara Brown Color Volumizing & Lengthening Hypoallergenic Makeup 0.38oz/10.7g,Sponsored,,,$12.99,"FREE delivery Tue, Nov 22 on $25 of items shipped by AmazonOr fastest delivery Fri, Nov 18|",B0BKGVWD7T,https://m.media-amazon.com/images/I/51gBuJCupIL._AC_UL320_.jpg
2679,https://www.amazon.com/sspa/click?ie=UTF8&spc=MToyMzM5MTQ5NzMxODU1NTUxOjE2Njg2MjU5NTA6c3BfbXRmOjIwMDA0MDI2MDM0NTc5ODo6MDo6&url=%2Fessence-Princess-Effect-Mascara-Cruelty%2Fdp%2FB00T0C9XRK%2Fref%3Dsr_1_18_sspa%3Fcrid%3D1VLMDVFOHF8NG%26keywords%3Dmascara%26qid%3D1668625950%26sprefix%3Dmascara%252Caps%252C95%26sr%3D8-18-spons%26sp_csd%3Dd2lkZ2V0TmFtZT1zcF9tdGY%26psc%3D1,essence | Lash Princess False Lash Effect Mascara | Gluten & Cruelty Free,Sponsored,4.4 out of 5 stars,"300,856",$4.99,"FREE delivery Tue, Nov 22 on $25 of items shipped by AmazonOr fastest delivery Fri, Nov 18|",B00T0C9XRK,https://m.media-amazon.com/images/I/61K6cQhw4EL._AC_UL320_.jpg
2680,https://www.amazon.com/sspa/click?ie=UTF8&spc=MToyMzM5MTQ5NzMxODU1NTUxOjE2Njg2MjU5NTA6c3BfbXRmOjIwMDEwMjg0MzY5ODA5ODo6MDo6&url=%2FExtreme-Mascara-Volumizing-Lengthening-Hypoallergenic%2Fdp%2FB0BLVDMXJL%2Fref%3Dsr_1_19_sspa%3Fcrid%3D1VLMDVFOHF8NG%26keywords%3Dmascara%26qid%3D1668625950%26sprefix%3Dmascara%252Caps%252C95%26sr%3D8-19-spons%26sp_csd%3Dd2lkZ2V0TmFtZT1zcF9tdGY%26psc%3D1,Liquid Extreme Length Mascara Brown Color Volumizing & Lengthening Hypoallergenic Makeup 0.38oz/10.7g,Sponsored,,,$16.99,FREE delivery Nov 21 - 25 Or fastest delivery Nov 18 - 22,B0BLVDMXJL,https://m.media-amazon.com/images/I/510BPpyrz5L._AC_UL320_.jpg
2681,https://www.amazon.com/sspa/click?ie=UTF8&spc=MToyMzM5MTQ5NzMxODU1NTUxOjE2Njg2MjU5NTA6c3BfbXRmOjIwMDA5NDE1OTAzMDM5ODo6MDo6&url=%2FLove-Extreme-Mascara-Waterproof-Crazy%2Fdp%2FB0BHKJXH3B%2Fref%3Dsr_1_20_sspa%3Fcrid%3D1VLMDVFOHF8NG%26keywords%3Dmascara%26qid%3D1668625950%26sprefix%3Dmascara%252Caps%252C95%26sr%3D8-20-spons%26sp_csd%3Dd2lkZ2V0TmFtZT1zcF9tdGY%26psc%3D1,"1 Pack Essence I Love Extreme Volume Mascara, Waterproof I Love Extreme Crazy Volume Mascara, Anti-sweat Even Eye Makeup Mascaras Essence, Lasts All Day, for All Skin Types, for Women Girls, 12ML/Box",Sponsored,1.0 out of 5 stars,2,$5.99,$2.99 delivery Dec 12 - Jan 4,B0BHKJXH3B,https://m.media-amazon.com/images/I/6133ww-P24L._AC_UL320_.jpg
2682,https://www.amazon.com/essence-Princess-Mascara-Mascaras-Waterproof/dp/B0BFG4TR5P/ref=sr_1_21?crid=1VLMDVFOHF8NG&keywords=mascara&qid=1668625950&sprefix=mascara%2Caps%2C95&sr=8-21,"essence | Lash Princess Mascara Holiday Gift Set | 4 Mascaras in 1 Set | False Lash Effect, Waterproof, Curl & Volume | Holiday Gift for Beauty Lovers | Vegan & Cruelty Free",0.95 Ounce (Pack of 4),4.5 out of 5 stars,56,$15.99,"FREE delivery Tue, Nov 22 on $25 of items shipped by AmazonOr fastest delivery Sat, Nov 19|",B0BFG4TR5P,https://m.media-amazon.com/images/I/81Y6NVDnBcL._AC_UL320_.jpg
2683,https://www.amazon.com/Maybelline-Express-Colossal-Washable-Mascara/dp/B002ZTVMDI/ref=sr_1_22?crid=1VLMDVFOHF8NG&keywords=mascara&qid=1668625950&sprefix=mascara%2Caps%2C95&sr=8-22,"Maybelline Volum' Express The Colossal Washable Mascara, Volumizing, Glam Black",1 Count,4.5 out of 5 stars,"22,739",$7.97,"FREE delivery Tue, Nov 22 on $25 of items shipped by AmazonOr fastest delivery Sat, Nov 19|",B002ZTVMDI,https://m.media-amazon.com/images/I/71wpyQ1QzFL._AC_UL320_.jpg
2684,https://www.amazon.com/Maybelline-Washable-Volumizing-Lengthening-Multiplying/dp/B07W3PVLW4/ref=sr_1_23?crid=1VLMDVFOHF8NG&keywords=mascara&qid=1668625950&sprefix=mascara%2Caps%2C95&sr=8-23,"Maybelline The Falsies Lash Lift Washable Mascara Volumizing, Lengthening, Lifting, Curling, Multiplying, Eye Makeup, Blackest Black, 1 Count",0.32 Fl Oz (Pack of 1),4.4 out of 5 stars,"29,826",$9.57,"FREE delivery Tue, Nov 22 on $25 of items shipped by AmazonOr fastest delivery Fri, Nov 18|",B07W3PVLW4,https://m.media-amazon.com/images/I/713C+u2qmcL._AC_UL320_.jpg
2685,https://www.amazon.com/Covergirl-Lash-Blast-Mascara-Black/dp/B00EMAM9BC/ref=sr_1_24?crid=1VLMDVFOHF8NG&keywords=mascara&qid=1668625950&sprefix=mascara%2Caps%2C95&sr=8-24,"Covergirl Lash Blast Volume Mascara, Very Black",1 Count (Pack of 1),4.5 out of 5 stars,"16,946",$8.98,"FREE delivery Tue, Nov 22 on $25 of items shipped by AmazonOr fastest delivery Fri, Nov 18|",B00EMAM9BC,https://m.media-amazon.com/images/I/61yZm56E+tL._AC_UL320_.jpg
2686,https://www.amazon.com/Essence-What-Volumizing-Lengthening-Mascara/dp/B07X6RWQFB/ref=sr_1_25?crid=1VLMDVFOHF8NG&keywords=mascara&qid=1668625950&sprefix=mascara%2Caps%2C95&sr=8-25,essence | What the Fake! Volumizing & Lengthening Fiber Mascara | Paraben Free | Cruelty Free (Pack of 1),1 Count (Pack of 1),4.1 out of 5 stars,"3,888",$4.99,"FREE delivery Tue, Nov 22 on $25 of items shipped by AmazonOr fastest delivery Fri, Nov 18|",B07X6RWQFB,https://m.media-amazon.com/images/I/712k7W7J5aL._AC_UL320_.jpg
2687,https://www.amazon.com/Covergirl-Clump-Crusher-Mascara-Black/dp/B0094GHGQM/ref=sr_1_26?crid=1VLMDVFOHF8NG&keywords=mascara&qid=1668625950&sprefix=mascara%2Caps%2C95&sr=8-26,"Covergirl Clump Crusher Mascara, Very Black, 0.44 Fl Oz (Pack of 1)",0.44 Fl Oz (Pack of 1),4.5 out of 5 stars,"4,006",$8.67,"FREE delivery Tue, Nov 22 on $25 of items shipped by AmazonOr fastest delivery Fri, Nov 18|",B0094GHGQM,https://m.media-amazon.com/images/I/71zZIndYrOL._AC_UL320_.jpg
2688,https://www.amazon.com/Maybelline-New-York-Washable-Brownish/dp/B0B59Q6G3R/ref=sr_1_27?crid=1VLMDVFOHF8NG&keywords=mascara&qid=1668625950&sprefix=mascara%2Caps%2C95&sr=8-27,"Maybelline New York Great Lash BIG Washable Mascara Dual Pack, Brownish Black, 0.68 fl oz, 2 Count",0.68 Fl Oz (Pack of 1),4.5 out of 5 stars,"4,495",$11.96,"FREE delivery Tue, Nov 22 on $25 of items shipped by AmazonOr fastest delivery Fri, Nov 18|",B0B59Q6G3R,https://m.media-amazon.com/images/I/819X4TN09dL._AC_UL320_.jpg
2689,https://www.amazon.com/ILIA-Fullest-Volumizing-Non-Toxic-Cruelty-Free/dp/B09B8W98Y5/ref=sr_1_28?crid=1VLMDVFOHF8NG&keywords=mascara&qid=1668625950&sprefix=mascara%2Caps%2C95&sr=8-28,"ILIA - Fullest Volumizing Mascara | Non-Toxic, Cruelty-Free, Clean Beauty (Full Size)",1 Count (Pack of 1),4.2 out of 5 stars,627,$27.99,"FREE delivery Wed, Nov 23 Or fastest delivery Sat, Nov 19|",B09B8W98Y5,https://m.media-amazon.com/images/I/51vf7j80WxL._AC_UL320_.jpg
2690,https://www.amazon.com/Rimmel-Scandaleyes-Retroglam-Mascara-Longwear/dp/B00HN86PTM/ref=sr_1_29?crid=1VLMDVFOHF8NG&keywords=mascara&qid=1668625950&sprefix=mascara%2Caps%2C95&sr=8-29,"Rimmel Scandaleyes Retroglam Mascara, Extreme Black Longwear Mascara for a False Eyelash Look, 0.41 Fl Oz (Pack of 1)",0.41 Fl Oz (Pack of 1),4.3 out of 5 stars,"5,602",$5.49,"FREE delivery Tue, Nov 22 on $25 of items shipped by AmazonOr fastest delivery Fri, Nov 18|",B00HN86PTM,https://m.media-amazon.com/images/I/71bts6VhV9L._AC_UL320_.jpg
2691,https://www.amazon.com/Maybelline-Express-Falsies-Washable-Blackest/dp/B003I6O5RC/ref=sr_1_30?crid=1VLMDVFOHF8NG&keywords=mascara&qid=1668625950&sprefix=mascara%2Caps%2C95&sr=8-30,"Maybelline Volum' Express the Falsies Volumizing, Washable Mascara, Blackest Black, 1 Count",0.25 Fl Oz (Pack of 1),4.5 out of 5 stars,"16,487",$9.49,"FREE delivery Tue, Nov 22 on $25 of items shipped by AmazonOr fastest delivery Fri, Nov 18|",B003I6O5RC,https://m.media-amazon.com/images/I/714fGu2BLmL._AC_UL320_.jpg
2692,https://www.amazon.com/Maybelline-York-Washable-Glam-Black/dp/B00JKC4TIS/ref=sr_1_31?crid=1VLMDVFOHF8NG&keywords=mascara&qid=1668625950&sprefix=mascara%2Caps%2C95&sr=8-31,"Maybelline New York Volum' Express Pumped Up Colossal Mascara, Washable Glam Black, 0.33 Fl Oz",0.33 Fl Oz (Pack of 1),4.4 out of 5 stars,"3,997",$6.00,"FREE delivery Tue, Nov 22 on $25 of items shipped by AmazonOr fastest delivery Sat, Nov 19|",B00JKC4TIS,https://m.media-amazon.com/images/I/61nJzqVYlAL._AC_UL320_.jpg
2693,https://www.amazon.com/wet-wild-Waterproof-Mascara-Black/dp/B07MHFMGJY/ref=sr_1_32?crid=1VLMDVFOHF8NG&keywords=mascara&qid=1668625950&sprefix=mascara%2Caps%2C95&sr=8-32,"Wet n Wild Mega Volume Waterproof Mascara, Very Black, 0.21 Ounce,C157A",0.21 Fl Oz (Pack of 1),4.0 out of 5 stars,"7,854",$3.18,"FREE delivery Tue, Nov 22 on $25 of items shipped by AmazonOr fastest delivery Fri, Nov 18|",B07MHFMGJY,https://m.media-amazon.com/images/I/71T7hj2-Q5L._AC_UL320_.jpg
2694,https://www.amazon.com/sspa/click?ie=UTF8&spc=MToyMzM5MTQ5NzMxODU1NTUxOjE2Njg2MjU5NTA6c3BfbXRmOjIwMDA0NjA0MzUyNzQ0MTo6MDo6&url=%2FCosmetics-Superhero-Elastic-Stretch-Volumizing%2Fdp%2FB01AKTZFZU%2Fref%3Dsr_1_33_sspa%3Fcrid%3D1VLMDVFOHF8NG%26keywords%3Dmascara%26qid%3D1668625950%26sprefix%3Dmascara%252Caps%252C95%26sr%3D8-33-spons%26sp_csd%3Dd2lkZ2V0TmFtZT1zcF9tdGY%26psc%3D1%26smid%3DA32GOXAC8X4KTS,"IT Cosmetics Superhero Mascara, Super Black - Elastic Stretch Volumizing & Lengthening Mascara - Lifts, Separates & Conditions Lashes - With Collagen, Biotin & Peptides - 0.3 fl oz",Sponsored,4.5 out of 5 stars,"8,841",$18.98,"FREE delivery Tue, Nov 22 on $25 of items shipped by AmazonOr fastest delivery Fri, Nov 18||Small Business|Small Business|Small Business|<img alt="""" src=""https://m.media-amazon.com/images/I/111mHoVK0kL._SS200_.png"" height=""50px"" width=""50px""/>  Small Business|<img alt="""" src=""https://m.media-amazon.com/images/I/111mHoVK0kL._SS200_.png"" height=""50px"" width=""50px""/>  Small Business",B01AKTZFZU,https://m.media-amazon.com/images/I/71q1UK9G12L._AC_UL320_.jpg|https://m.media-amazon.com/images/I/111mHoVK0kL._SS200_.png|
2695,https://www.amazon.com/sspa/click?ie=UTF8&spc=MToyMzM5MTQ5NzMxODU1NTUxOjE2Njg2MjU5NTA6c3BfbXRmOjIwMDA3MzgwMjAwOTI5ODo6MDo6&url=%2FWaterproof-Clumping-Lengthening-Volumizing-Luxuriously%2Fdp%2FB0B5TBBH7Q%2Fref%3Dsr_1_34_sspa%3Fcrid%3D1VLMDVFOHF8NG%26keywords%3Dmascara%26qid%3D1668625950%26sprefix%3Dmascara%252Caps%252C95%26sr%3D8-34-spons%26sp_csd%3Dd2lkZ2V0TmFtZT1zcF9tdGY%26psc%3D1,"4D Silk Fiber Big Eye Lash Mascara, Mascara Black Volume And Length Intense Long Lasting, Waterproof No Clumping, Lengthening Thicking Volumizing Luxuriously Longer Mascara",Sponsored,4.2 out of 5 stars,151,$7.99,"FREE delivery Tue, Nov 22 on $25 of items shipped by AmazonOr fastest delivery Sat, Nov 19|",B0B5TBBH7Q,https://m.media-amazon.com/images/I/719PlKp119L._AC_UL320_.jpg
2696,https://www.amazon.com/sspa/click?ie=UTF8&spc=MToyMzM5MTQ5NzMxODU1NTUxOjE2Njg2MjU5NTA6c3BfbXRmOjIwMDA5ODY3MTgyOTM5ODo6MDo6&url=%2Fessence-Volumizing-Hyaluronic-Panthenol-Microplastic%2Fdp%2FB09R8235XF%2Fref%3Dsr_1_35_sspa%3Fcrid%3D1VLMDVFOHF8NG%26keywords%3Dmascara%26qid%3D1668625950%26sprefix%3Dmascara%252Caps%252C95%26sr%3D8-35-spons%26sp_csd%3Dd2lkZ2V0TmFtZT1zcF9tdGY%26psc%3D1%26smid%3DAKX5TQ3JB4PMF,"essence | Another Volume Mascara… Just Better! | Volumizing & Defining with Hyaluronic Acid & Panthenol | Vegan & Cruelty Free | Made Without Oil, Perfume, Alcohol, Parabens, & Microplastic Particles",Sponsored,4.1 out of 5 stars,162,$4.99,"FREE delivery Tue, Nov 22 on $25 of items shipped by AmazonOr fastest delivery Fri, Nov 18|",B09R8235XF,https://m.media-amazon.com/images/I/71IMYl5uiWL._AC_UL320_.jpg
2697,https://www.amazon.com/sspa/click?ie=UTF8&spc=MToyMzM5MTQ5NzMxODU1NTUxOjE2Njg2MjU5NTA6c3BfbXRmOjIwMDEwNDIxMTM3NjE5ODo6MDo6&url=%2FBREYLEE-Eyelash-Growth-Solution-Silver%2Fdp%2FB0BJPNZDYB%2Fref%3Dsr_1_36_sspa%3Fcrid%3D1VLMDVFOHF8NG%26keywords%3Dmascara%26qid%3D1668625950%26sprefix%3Dmascara%252Caps%252C95%26sr%3D8-36-spons%26sp_csd%3Dd2lkZ2V0TmFtZT1zcF9tdGY%26psc%3D1,"BREYLEE Eyelash Growth Solution Silver - Fuller & Longer Looking Eyelashes, Lash Enhancing Serum for Natural Lashes or Lash Extensions & Brows, Vegan & Cruelty-Free (3ML/ 0.1 Fl. Oz)",Sponsored,4.7 out of 5 stars,5,$29.99,"FREE delivery Tue, Nov 22 Or fastest delivery Fri, Nov 18|",B0BJPNZDYB,https://m.media-amazon.com/images/I/71dHt6azM-L._AC_UL320_.jpg
2698,https://www.amazon.com/Benefit-Cosmetics-Curling-Lifting-Mascara/dp/B07167RSXS/ref=sr_1_37?crid=1VLMDVFOHF8NG&keywords=mascara&qid=1668625950&sprefix=mascara%2Caps%2C95&sr=8-37,Benefit Cosmetics Roller Lash Curling & Lifting Mascara 0.30 oz / 8.5 g # Black,0.3 Ounce (Pack of 1),4.7 out of 5 stars,"2,594",$24.00,FREE delivery on $25 shipped by Amazon.,B07167RSXS,https://m.media-amazon.com/images/I/61FNj66pTiL._AC_UL320_.jpg
2699,https://www.amazon.com/LOr%C3%A9al-Paris-Makeup-Lengthening-Mascara/dp/B001IAINFU/ref=sr_1_38?crid=1VLMDVFOHF8NG&keywords=mascara&qid=1668625950&sprefix=mascara%2Caps%2C95&sr=8-38,"L'Oreal Paris Makeup Double Extend Beauty Tubes Lengthening 2 Step Mascara, Black, 1 Tube",1 Count (Pack of 1),4.5 out of 5 stars,"13,213",$9.93,"FREE delivery Tue, Nov 22 on $25 of items shipped by AmazonOr fastest delivery Fri, Nov 18|",B001IAINFU,https://m.media-amazon.com/images/I/71OFVJDaKdL._AC_UL320_.jpg
2700,https://www.amazon.com/Cosmetics-Superhero-Elastic-Stretch-Volumizing/dp/B01AKTZFZU/ref=sr_1_39?crid=1VLMDVFOHF8NG&keywords=mascara&qid=1668625950&sprefix=mascara%2Caps%2C95&sr=8-39,"IT Cosmetics Superhero Mascara, Super Black - Elastic Stretch Volumizing & Lengthening Mascara - Lifts, Separates & Conditions Lashes - With Collagen, Biotin & Peptides - 0.3 fl oz",0.3 Fl Oz (Pack of 1),4.5 out of 5 stars,"8,841",$18.98,"FREE delivery Tue, Nov 22 on $25 of items shipped by AmazonOr fastest delivery Fri, Nov 18||Small Business|Small Business|Small Business|<img alt="""" src=""https://m.media-amazon.com/images/I/111mHoVK0kL._SS200_.png"" height=""50px"" width=""50px""/>  Small Business|<img alt="""" src=""https://m.media-amazon.com/images/I/111mHoVK0kL._SS200_.png"" height=""50px"" width=""50px""/>  Small Business",B01AKTZFZU,https://m.media-amazon.com/images/I/71q1UK9G12L._AC_UL320_.jpg|https://m.media-amazon.com/images/I/111mHoVK0kL._SS200_.png|
2701,https://www.amazon.com/Milk-Makeup-Kush-High-Mascara/dp/B07DGJQT39/ref=sr_1_40?crid=1VLMDVFOHF8NG&keywords=mascara&qid=1668625950&sprefix=mascara%2Caps%2C95&sr=8-40,"MILK Makeup KUSH Volumizing Mascara - Vegan, Clean, Cruelty-free - Fuller, Healthier Lashes - 0.12 Fl Oz",0.12 Fl Oz (Pack of 1),4.3 out of 5 stars,"1,778",$10.00,"FREE delivery Tue, Nov 22 on $25 of items shipped by AmazonOr fastest delivery Sat, Nov 19|",B07DGJQT39,https://m.media-amazon.com/images/I/51bWyOEFvcL._AC_UL320_.jpg
2702,https://www.amazon.com/Neutrogena-Healthy-Lengths-Mascara-Black/dp/B00ADRHOY0/ref=sr_1_41?crid=1VLMDVFOHF8NG&keywords=mascara&qid=1668625950&sprefix=mascara%2Caps%2C95&sr=8-41,"Neutrogena Healthy Lengths Mascara for Stronger, Longer Lashes, Clump-, Smudge- and Flake-Free Mascara with Olive Oil, Vitamin E and Rice Protein, Black 02,.21 oz",0.21 Ounce (Pack of 1),4.3 out of 5 stars,"4,975",$8.19,"FREE delivery Tue, Nov 22 on $25 of items shipped by AmazonOr fastest delivery Fri, Nov 18|",B00ADRHOY0,https://m.media-amazon.com/images/I/71C2dG+N4lL._AC_UL320_.jpg
2703,https://www.amazon.com/Rimmel-Extra-Super-Mascara-Black/dp/B007I2FWT2/ref=sr_1_42?crid=1VLMDVFOHF8NG&keywords=mascara&qid=1668625950&sprefix=mascara%2Caps%2C95&sr=8-42,Rimmel Extra Super Lash Mascara Black,1 Count (Pack of 1),4.5 out of 5 stars,"1,989",$4.47,"FREE delivery Tue, Nov 22 on $25 of items shipped by AmazonOr fastest delivery Fri, Nov 18|",B007I2FWT2,https://m.media-amazon.com/images/I/71jE1vOXN8L._AC_UL320_.jpg
2704,https://www.amazon.com/Secret-Xpress-Control-Lengthening-Smudge-Proof/dp/B08NZDJY9F/ref=sr_1_43?crid=1VLMDVFOHF8NG&keywords=mascara&qid=1668625950&sprefix=mascara%2Caps%2C95&sr=8-43,"Secret Xpress Control 4D Silk Fiber Lash Mascara, Lengthening and Thick, Volume, Long Lasting, Waterproof & Smudge-Proof, All Day Full, Long, Thick, Smudge-Proof Eyelashes",1 Count (Pack of 1),4.3 out of 5 stars,"3,123",$8.48,"FREE delivery Tue, Nov 22 on $25 of items shipped by AmazonOr fastest delivery Fri, Nov 18|",B08NZDJY9F,https://m.media-amazon.com/images/I/5155yIdKSSS._AC_UL320_.jpg
2705,https://www.amazon.com/Black-Radiance-Lengthening-Mascara-Fluid/dp/B01FIL254Y/ref=sr_1_44?crid=1VLMDVFOHF8NG&keywords=mascara&qid=1668625950&sprefix=mascara%2Caps%2C95&sr=8-44,"Black Radiance Lash Lengthening Mascara, Black, 0.27 Fluid Ounce",0.27 Fl Oz (Pack of 1),3.6 out of 5 stars,377,$2.49,"FREE delivery Tue, Nov 22 on $25 of items shipped by AmazonOr fastest delivery Fri, Nov 18|",B01FIL254Y,https://m.media-amazon.com/images/I/719hxCe+ZsL._AC_UL320_.jpg
2706,https://www.amazon.com/Revlon-Ultimate-All-In-One-Mascara-Black/dp/B017I0YYWY/ref=sr_1_45?crid=1VLMDVFOHF8NG&keywords=mascara&qid=1668625950&sprefix=mascara%2Caps%2C95&sr=8-45,"Revlon Ultimate All-In-One Mascara, Black",0.28 Fl Oz (Pack of 1),4.5 out of 5 stars,"1,443",$5.97,FREE delivery on $25 shipped by Amazon.,B017I0YYWY,https://m.media-amazon.com/images/I/414+1cZm05L._AC_UL320_.jpg
2707,https://www.amazon.com/Voronajj-BADgal-lash-Mascara/dp/B00AP3FIFE/ref=sr_1_46?crid=1VLMDVFOHF8NG&keywords=mascara&qid=1668625950&sprefix=mascara%2Caps%2C95&sr=8-46,Benefit Badgal Lash Mascara -Full Size,1 Count (Pack of 1),4.7 out of 5 stars,"1,593",$20.99,FREE delivery Nov 21 - 23 Or fastest delivery Nov 18 - 21,B00AP3FIFE,https://m.media-amazon.com/images/I/316UL-Rtj6L._AC_UL320_.jpg
2708,https://www.amazon.com/Voluminous-Eyelashes-Waterproof-Smudge-Proof-Suitable/dp/B0BKG24K2V/ref=sr_1_47?crid=1VLMDVFOHF8NG&keywords=mascara&qid=1668625950&sprefix=mascara%2Caps%2C95&sr=8-47,"I Love Extreme Crazy Volume Mascara, Voluminous Eyelashes,Natural Waterproof Smudge-Proof, Cruelty Free, Lasts All Day, Suitable for All Skin Types, Eye Makeup Mascaras",16 Ounce (Pack of 1),,,$6.99,"FREE delivery Tue, Nov 22 on $25 of items shipped by AmazonOr fastest delivery Fri, Nov 18|",B0BKG24K2V,https://m.media-amazon.com/images/I/71wjT8f8msL._AC_UL320_.jpg
2709,https://www.amazon.com/Princess-Effect-Mascara-Waterproof-Bundle/dp/B09NX4BGT5/ref=sr_1_48?crid=1VLMDVFOHF8NG&keywords=mascara&qid=1668625950&sprefix=mascara%2Caps%2C95&sr=8-48,Lash Princess False Lash Effect Mascara & Lash Princess False Lash Waterproof Mascara Bundle,2 Count (Pack of 1),4.6 out of 5 stars,987,$8.99,FREE delivery on $25 shipped by Amazon.,B09NX4BGT5,https://m.media-amazon.com/images/I/61pgvu7QDcL._AC_UL320_.jpg
2710,https://www.amazon.com/Covergirl-Blast-Active-Mascara-Black/dp/B07GBY9NV5/ref=sr_1_49?crid=1VLMDVFOHF8NG&keywords=mascara&qid=1668625950&sprefix=mascara%2Caps%2C95&sr=8-49,"COVERGIRL Lash Blast Active Mascara, Very Black",1 Count,4.1 out of 5 stars,653,$4.98,FREE delivery on $25 shipped by Amazon.,B07GBY9NV5,https://m.media-amazon.com/images/I/61W1f2ByrUL._AC_UL320_.jpg
2711,https://www.amazon.com/Benefit-Theyre-Mascara-Beyond-Black/dp/B00CHLBKKY/ref=sr_1_50?crid=1VLMDVFOHF8NG&keywords=mascara&qid=1668625950&sprefix=mascara%2Caps%2C95&sr=8-50,"Benefit They're Real! Mascara, Beyond Black, 0.3 Ounce",0.3 Fl Oz (Pack of 1),4.6 out of 5 stars,"5,235",$24.95,"FREE delivery Tue, Nov 22 on $25 of items shipped by AmazonOr fastest delivery Fri, Nov 18|",B00CHLBKKY,https://m.media-amazon.com/images/I/61vJNSdn6jL._AC_UL320_.jpg
2712,https://www.amazon.com/COVERGIRL-LashBlast-Waterproof-Mascara-Black/dp/B001BMJPD4/ref=sr_1_51?crid=1VLMDVFOHF8NG&keywords=mascara&qid=1668625950&sprefix=mascara%2Caps%2C95&sr=8-51,"Covergirl Lash Blast Volume Waterproof Mascara, Very Black",1 Count (Pack of 1),4.3 out of 5 stars,"12,290",$8.98,"FREE delivery Tue, Nov 22 on $25 of items shipped by AmazonOr fastest delivery Fri, Nov 18|",B001BMJPD4,https://m.media-amazon.com/images/I/61yZm56E+tL._AC_UL320_.jpg
2713,https://www.amazon.com/Rimmel-Scandaleyes-Curved-Brush-Mascara/dp/B00BFWF8R2/ref=sr_1_52?crid=1VLMDVFOHF8NG&keywords=mascara&qid=1668625950&sprefix=mascara%2Caps%2C95&sr=8-52,"Rimmel Scandaleyes Curved Brush Mascara, Black, 0.41 Fl Oz (Pack of 1)",0.41 Fl Oz (Pack of 1),4.2 out of 5 stars,"1,067",$5.97,"FREE delivery Tue, Nov 22 on $25 of items shipped by AmazonOr fastest delivery Fri, Nov 18|",B00BFWF8R2,https://m.media-amazon.com/images/I/81xOLsvF62L._AC_UL320_.jpg
2714,https://www.amazon.com/Bestidy-Mascara-Waterproof-Thickening-Lengthening/dp/B07W97LWL7/ref=sr_1_53?crid=1VLMDVFOHF8NG&keywords=mascara&qid=1668625950&sprefix=mascara%2Caps%2C95&sr=8-53,"Bestidy 4D Silk Fiber Lash Mascara,Natural Waterproof Smudge-proof Mascara,Thickening Lengthening Mascara No Clumping, No Smudging Lasting All Day",1 Count (Pack of 1),4.2 out of 5 stars,"11,325",$9.99,"FREE delivery Tue, Nov 22 on $25 of items shipped by AmazonOr fastest delivery Fri, Nov 18|",B07W97LWL7,https://m.media-amazon.com/images/I/71dFYHlp19L._AC_UL320_.jpg
2715,https://www.amazon.com/LOr%C3%83%C2%A9al-Paris-Telescopic-Mascara-Black/dp/B006OO5DGW/ref=sr_1_54?crid=1VLMDVFOHF8NG&keywords=mascara&qid=1668625950&sprefix=mascara%2Caps%2C95&sr=8-54,"L'Oreal Paris Telescopic Mascara, Black [905] 0.27 Ounce",0.27 Fl Oz (Pack of 1),4.5 out of 5 stars,"2,373",,,B006OO5DGW,https://m.media-amazon.com/images/I/31MKxOIL4xL._AC_UL320_.jpg
2716,https://www.amazon.com/Wild-Mega-Clear-Brow-Mascara/dp/B09NXPG6D5/ref=sr_1_55?crid=1VLMDVFOHF8NG&keywords=mascara&qid=1668625950&sprefix=mascara%2Caps%2C95&sr=8-55,Wet n Wild Mega Clear Brow & Lash Mascara,1 Count (Pack of 1),4.2 out of 5 stars,"3,389",$1.98,"FREE delivery Tue, Nov 22 on $25 of items shipped by AmazonOr fastest delivery Fri, Nov 18|",B09NXPG6D5,https://m.media-amazon.com/images/I/61lD2Wt+ItL._AC_UL320_.jpg
2717,https://www.amazon.com/Perversion-Mascara-Bigger-Blacker-perversion/dp/B01N7PMQ9C/ref=sr_1_56?crid=1VLMDVFOHF8NG&keywords=mascara&qid=1668625950&sprefix=mascara%2Caps%2C95&sr=8-56,"Urban Decay Perversion Volumizing Mascara - Lengthening + Lifting Eye Makeup - for Bold, Buildable, False-Lash Look - with Proteins & Amino Acids to Support Eyelash Growth – Intense Black",0.4 Fl Oz (Pack of 1),4.6 out of 5 stars,"2,381",$26.00,"FREE delivery Tue, Nov 22 Or fastest delivery Fri, Nov 18|",B01N7PMQ9C,https://m.media-amazon.com/images/I/61F1e-T3BmL._AC_UL320_.jpg
2718,https://www.amazon.com/Maybelline-New-York-Discovery-Waterproof/dp/B001KYRNAK/ref=sr_1_57?crid=1VLMDVFOHF8NG&keywords=mascara&qid=1668625950&sprefix=mascara%2Caps%2C95&sr=8-57,"Maybelline New York Lash Discovery Waterproof Mascara, Very Black 361, 0.16 Fluid Ounce",0.16 Fl Oz (Pack of 1),4.3 out of 5 stars,"6,127",$6.98,"FREE delivery Tue, Nov 22 on $25 of items shipped by AmazonOr fastest delivery Fri, Nov 18|",B001KYRNAK,https://m.media-amazon.com/images/I/61QedNGuZ5L._AC_UL320_.jpg
2719,https://www.amazon.com/Waterproof-Luxuriously-Long-Lasting-Smudge-proof-Hypoallergenic/dp/B07GC62MNF/ref=sr_1_58?crid=1VLMDVFOHF8NG&keywords=mascara&qid=1668625950&sprefix=mascara%2Caps%2C95&sr=8-58,"4D Silk Fiber Lash Mascara Waterproof, Luxuriously Longer, Thicker, Voluminous Eyelashes, Long-Lasting, Dramatic Extension, Smudge-proof, Hypoallergenic Formula",0.33 Fl Oz (Pack of 1),4.1 out of 5 stars,"4,888",$12.99,"FREE delivery Tue, Nov 22 on $25 of items shipped by AmazonOr fastest delivery Fri, Nov 18||Small Business|Small Business|Small Business|<img alt="""" src=""https://m.media-amazon.com/images/I/111mHoVK0kL._SS200_.png"" height=""50px"" width=""50px""/>  Small Business|<img alt="""" src=""https://m.media-amazon.com/images/I/111mHoVK0kL._SS200_.png"" height=""50px"" width=""50px""/>  Small Business",B07GC62MNF,https://m.media-amazon.com/images/I/71iKnpY9yuL._AC_UL320_.jpg|https://m.media-amazon.com/images/I/111mHoVK0kL._SS200_.png|
2720,https://www.amazon.com/Mascara-Physicians-Formula-Dermatologist-Murumuru/dp/B0B64S93VJ/ref=sr_1_59?crid=1VLMDVFOHF8NG&keywords=mascara&qid=1668625950&sprefix=mascara%2Caps%2C95&sr=8-59,"Mascara By Physicians Formula Mini Butter Blowout Mascara, Full Volume And Length, Dermatologist Tested, Monoi Butter, Murumuru Butter, Cupuaçu Butter, Tucuma Butter",$5.22 with Subscribe & Save discountSave 5% on 4 select item(s),4.0 out of 5 stars,498,$5.49,"FREE delivery Tue, Nov 22 on $25 of items shipped by AmazonOr fastest delivery Fri, Nov 18|",B0B64S93VJ,https://m.media-amazon.com/images/I/71jyayGynfL._AC_UL320_.jpg
2721,https://www.amazon.com/stila-Extreme-Mascara-Intense-Voluminous/dp/B011J6HJKM/ref=sr_1_60?crid=1VLMDVFOHF8NG&keywords=mascara&qid=1668625950&sprefix=mascara%2Caps%2C95&sr=8-60,"stila HUGE Extreme Lash Mascara, Intense Black , 0.44 Fl Oz (Pack of 1)",0.44 Fl Oz (Pack of 1),4.4 out of 5 stars,"3,915",$22.97,"FREE delivery Tue, Nov 22 on $25 of items shipped by AmazonOr fastest delivery Fri, Nov 18|",B011J6HJKM,https://m.media-amazon.com/images/I/71YnvLDIiML._AC_UL320_.jpg
2722,https://aax-us-iad.amazon.com/x/c/RHhGiZf6jqo-3Y4unXCfPpoAAAGEgdtmZwEAAAH2AQBOL0EgICAgICAgICAgICBOL0EgICAgICAgICAgICDsfixZ/https://www.amazon.com/dp/B004BCXAM8?pd_rd_i=B004BCXAM8&pf_rd_p=55defc4a-7c1e-47a7-8d1d-5cc458cca688&pf_rd_r=FNP0MMV87GF2JC77WSJS&pd_rd_wg=IjW4T&pd_rd_w=Y7VBH&pd_rd_r=c4bb2866-6845-43bd-8ba9-afbddf9502f7,"L’Oreal Paris Makeup Voluminous Original Volume Building Mascara, Carbon Black, 0.26 Fl Oz",Sponsored,4.5 out of 5 stars,"81,443",$8.98,"FREE delivery Tue, Nov 22 on $25 of items shipped by AmazonOr fastest delivery Fri, Nov 18|",,
2729,https://www.amazon.com/sspa/click?ie=UTF8&spc=MTo4ODMwMTM0NDk3ODMwMTk2OjE2Njg2MjU5NzQ6c3BfYXRmOjIwMDA0MDQ1Nzk3MzY5ODo6MDo6&url=%2FAmazon-Aware-Hydrating-Moisturizer-Formulated%2Fdp%2FB09G5MZXJ4%2Fref%3Dsr_1_1_sspa%3Fcrid%3DOBYVICK5JJBZ%26keywords%3Dmoisturizer%26qid%3D1668625974%26sprefix%3Dmoisturizer%252Caps%252C93%26sr%3D8-1-spons%26sp_csd%3Dd2lkZ2V0TmFtZT1zcF9hdGY%26psc%3D1,"Amazon Aware Hydrating Face Moisturizer with Avocado & Sunflower Seed Oils, Squalane & Cocoa Butter, Vegan, Formulated without Fragrance, Dermatologist Tested, Dry to Normal Skin, 1.7 fl oz",Featured from our brands,4.3 out of 5 stars,256,$16.19,"FREE delivery Tue, Nov 22 on $25 of items shipped by AmazonOr fastest delivery Fri, Nov 18||Climate Pledge Friendly|Climate Pledge Friendly|Climate Pledge Friendly|<img alt="""" src=""https://m.media-amazon.com/images/I/216-OX9rBaL._SS200_.png"" height=""50px"" width=""50px""/>  Climate Pledge Friendly|<img alt="""" src=""https://m.media-amazon.com/images/I/216-OX9rBaL._SS200_.png"" height=""50px"" width=""50px""/>  Climate Pledge Friendly|<img alt="""" src=""https://m.media-amazon.com/images/I/31OPjlesFNL._SS200_.png"" height=""50px"" width=""50px""/> EWG Verified|<img alt="""" src=""https://m.media-amazon.com/images/I/51vgBATI8mL._SS200_.jpg"" height=""50px"" width=""50px""/> Climate neutral by ClimatePartner",B09G5MZXJ4,https://m.media-amazon.com/images/I/617aWO7ITJL._AC_UL320_.jpg|https://m.media-amazon.com/images/I/216-OX9rBaL._SS200_.png|||
2730,https://www.amazon.com/sspa/click?ie=UTF8&spc=MTo4ODMwMTM0NDk3ODMwMTk2OjE2Njg2MjU5NzQ6c3BfYXRmOjIwMDA5NTM3ODg4MzM3MTo6MDo6&url=%2FMoisturizer-Hydrating-Moisturizing-Hypoallergenic-Non-Comedogenic%2Fdp%2FB099N2SLT9%2Fref%3Dsr_1_2_sspa%3Fcrid%3DOBYVICK5JJBZ%26keywords%3Dmoisturizer%26qid%3D1668625974%26sprefix%3Dmoisturizer%252Caps%252C93%26sr%3D8-2-spons%26sp_csd%3Dd2lkZ2V0TmFtZT1zcF9hdGY%26psc%3D1,"Body Moisturizer by CETAPHIL, Hydrating Moisturizing Lotion for All Skin Types, Suitable for Sensitive Skin, NEW 20 oz, Fragrance Free, Hypoallergenic, Non-Comedogenic",Sponsored,4.7 out of 5 stars,"4,108",$15.04,"FREE delivery Tue, Nov 22 on $25 of items shipped by AmazonOr fastest delivery Fri, Nov 18|",B099N2SLT9,https://m.media-amazon.com/images/I/61sSjTk8NFL._AC_UL320_.jpg
2731,https://www.amazon.com/sspa/click?ie=UTF8&spc=MTo4ODMwMTM0NDk3ODMwMTk2OjE2Njg2MjU5NzQ6c3BfYXRmOjIwMDA4OTAxMDE3Nzc5ODo6MDo6&url=%2FNeutrogena-Hyaluronic-Hydrating-Moisturizer-Hydrogel%2Fdp%2FB0973SMMD7%2Fref%3Dsr_1_3_sspa%3Fcrid%3DOBYVICK5JJBZ%26keywords%3Dmoisturizer%26qid%3D1668625974%26sprefix%3Dmoisturizer%252Caps%252C93%26sr%3D8-3-spons%26sp_csd%3Dd2lkZ2V0TmFtZT1zcF9hdGY%26psc%3D1,"Neutrogena Hydro Boost Face Moisturizer with Hyaluronic Acid for Dry Skin, Oil-Free and Non-Comedogenic Water Gel Face Lotion and Hydrating Gel Facial Mask, Extra Large Value Size 3.6 fl. Oz",Sponsored,4.7 out of 5 stars,"76,235",$38.96,"FREE delivery Tue, Nov 22 Or fastest delivery Mon, Nov 21|",B0973SMMD7,https://m.media-amazon.com/images/I/71tsszIyN7L._AC_UL320_.jpg
2732,https://www.amazon.com/sspa/click?ie=UTF8&spc=MTo4ODMwMTM0NDk3ODMwMTk2OjE2Njg2MjU5NzQ6c3BfYXRmOjIwMDEwNDUzNjgyNTk5ODo6MDo6&url=%2FMulti-Lipid-Replenishing-Moisturizer-Clinical-Skin%2Fdp%2FB0BJC7CKH2%2Fref%3Dsr_1_4_sspa%3Fcrid%3DOBYVICK5JJBZ%26keywords%3Dmoisturizer%26qid%3D1668625974%26sprefix%3Dmoisturizer%252Caps%252C93%26sr%3D8-4-spons%26sp_csd%3Dd2lkZ2V0TmFtZT1zcF9hdGY%26psc%3D1,Multi-Lipid Replenishing Facial Moisturizer by Clinical Skin,Sponsored,4.2 out of 5 stars,13,$110.00,"FREE delivery Tue, Nov 22 Or fastest delivery Fri, Nov 18|",B0BJC7CKH2,https://m.media-amazon.com/images/I/61kz66gSB+L._AC_UL320_.jpg
2733,https://www.amazon.com/CeraVe-Moisturizing-Lotion-Hyaluronic-Fragrance/dp/B000YJ2SLG/ref=sr_1_5?crid=OBYVICK5JJBZ&keywords=moisturizer&qid=1668625974&sprefix=moisturizer%2Caps%2C93&sr=8-5,CeraVe Daily Moisturizing Lotion for Dry Skin | Body Lotion & Facial Moisturizer with Hyaluronic Acid and Ceramides | 12 Fl Ounce,12 Fl Oz (Pack of 1),4.7 out of 5 stars,"81,483",$11.62,"FREE delivery Sun, Nov 27 on $25 of items shipped by Amazon|",B000YJ2SLG,https://m.media-amazon.com/images/I/514fdhix32L._AC_UL320_.jpg
2734,https://www.amazon.com/Ordinary-Natural-Moisturizing-Factors-HA/dp/B0711DTHY2/ref=sr_1_6?crid=OBYVICK5JJBZ&keywords=moisturizer&qid=1668625974&sprefix=moisturizer%2Caps%2C93&sr=8-6,The Ordinary Natural Moisturizing Factors HA 30ml,1.01 Fl Oz (Pack of 1),4.5 out of 5 stars,"2,946",$8.70,"FREE delivery Tue, Nov 22 on $25 of items shipped by AmazonOr fastest delivery Fri, Nov 18|",B0711DTHY2,https://m.media-amazon.com/images/I/51LulCr6HaL._AC_UL320_.jpg
2735,https://www.amazon.com/Moisturizer-LOreal-Paris-Anti-Aging-Lightweight/dp/B002JDUMFO/ref=sr_1_7?crid=OBYVICK5JJBZ&keywords=moisturizer&qid=1668625974&sprefix=moisturizer%2Caps%2C93&sr=8-7,"L'Oreal Paris Skincare Collagen Face Moisturizer, Day and Night Cream, Anti-Aging Face, Neck and Chest Cream to smooth skin and reduce wrinkles, 1.7 oz",1.7 Ounce (Pack of 1),4.5 out of 5 stars,"48,618",$8.98,"FREE delivery Tue, Nov 22 on $25 of items shipped by AmazonOr fastest delivery Fri, Nov 18|",B002JDUMFO,https://m.media-amazon.com/images/I/71GFdB9VdKL._AC_UL320_.jpg
2736,https://www.amazon.com/sspa/click?ie=UTF8&spc=MToxMTIwMzQ4Mzk1ODk4NzgzOjE2Njg2MjU5NzQ6c3Bfc2VhcmNoX3RoZW1hdGljOjIwMDA4OTAxMDE3Nzc5ODo6MDo6&url=%2FNeutrogena-Hyaluronic-Hydrating-Moisturizer-Hydrogel%2Fdp%2FB0973SMMD7%2Fref%3Dsxin_13_pa_sp_search_thematic_sspa%3Fcontent-id%3Damzn1.sym.4e7a2229-074e-44de-95c4-9fd858f46295%253Aamzn1.sym.4e7a2229-074e-44de-95c4-9fd858f46295%26crid%3DOBYVICK5JJBZ%26cv_ct_cx%3Dmoisturizer%26keywords%3Dmoisturizer%26pd_rd_i%3DB0973SMMD7%26pd_rd_r%3D97bd37bf-e810-4a38-865a-d1ba61766a08%26pd_rd_w%3DY7Sdi%26pd_rd_wg%3DJ0PZ0%26pf_rd_p%3D4e7a2229-074e-44de-95c4-9fd858f46295%26pf_rd_r%3DCCEMA74VNR0AF35M11EF%26qid%3D1668625974%26sprefix%3Dmoisturizer%252Caps%252C93%26sr%3D1-1-a73d1c8c-2fd2-4f19-aa41-2df022bcb241-spons%26sp_csd%3Dd2lkZ2V0TmFtZT1zcF9zZWFyY2hfdGhlbWF0aWM%26psc%3D1,"Neutrogena Hydro Boost Face Moisturizer with Hyaluronic Acid for Dry Skin, Oil-Free and Non-Comedogenic Water Gel Face Lotion and Hydrating Gel Facial Mask, Extra Large Value Size 3.6 fl. Oz",2 Piece Set,4.7 out of 5 stars|4.8 out of 5 stars|4.4 out of 5 stars|4.6 out of 5 stars|4.5 out of 5 stars,"76,235|6,817|12,532|24,221|44,722",$38.96,,,https://m.media-amazon.com/images/I/71tsszIyN7L._AC_UL320_.jpg|https://m.media-amazon.com/images/I/51kKaJy-teL._AC_UL320_.jpg|https://m.media-amazon.com/images/I/71-hYjd+DLL._AC_UL320_.jpg|https://m.media-amazon.com/images/I/51+IHPKXFIL._AC_UL320_.jpg|https://m.media-amazon.com/images/I/61aeYDyy5ML._AC_UL320_.jpg
2737,https://www.amazon.com/sspa/click?ie=UTF8&spc=MToxMTIwMzQ4Mzk1ODk4NzgzOjE2Njg2MjU5NzQ6c3Bfc2VhcmNoX3RoZW1hdGljOjIwMDA4OTAxMDE3Nzc5ODo6MDo6&url=%2FNeutrogena-Hyaluronic-Hydrating-Moisturizer-Hydrogel%2Fdp%2FB0973SMMD7%2Fref%3Dsxin_13_pa_sp_search_thematic_sspa%3Fcontent-id%3Damzn1.sym.4e7a2229-074e-44de-95c4-9fd858f46295%253Aamzn1.sym.4e7a2229-074e-44de-95c4-9fd858f46295%26crid%3DOBYVICK5JJBZ%26cv_ct_cx%3Dmoisturizer%26keywords%3Dmoisturizer%26pd_rd_i%3DB0973SMMD7%26pd_rd_r%3D97bd37bf-e810-4a38-865a-d1ba61766a08%26pd_rd_w%3DY7Sdi%26pd_rd_wg%3DJ0PZ0%26pf_rd_p%3D4e7a2229-074e-44de-95c4-9fd858f46295%26pf_rd_r%3DCCEMA74VNR0AF35M11EF%26qid%3D1668625974%26sprefix%3Dmoisturizer%252Caps%252C93%26sr%3D1-1-a73d1c8c-2fd2-4f19-aa41-2df022bcb241-spons%26sp_csd%3Dd2lkZ2V0TmFtZT1zcF9zZWFyY2hfdGhlbWF0aWM%26psc%3D1,"Neutrogena Hydro Boost Face Moisturizer with Hyaluronic Acid for Dry Skin, Oil-Free and Non-Comedogenic Water Gel Face Lotion and Hydrating Gel Facial Mask, Extra Large Value Size 3.6 fl. Oz",2 Piece Set,4.7 out of 5 stars,"76,235",$38.96,,B0973SMMD7,https://m.media-amazon.com/images/I/71tsszIyN7L._AC_UL320_.jpg
2738,https://www.amazon.com/sspa/click?ie=UTF8&spc=MToxMTIwMzQ4Mzk1ODk4NzgzOjE2Njg2MjU5NzQ6c3Bfc2VhcmNoX3RoZW1hdGljOjIwMDA4ODg4Mzg0MzQ3MTo6MTo6&url=%2FMoisturizer-Hydrating-Moisturizing-Non-Comedogenic-Non-Greasy%2Fdp%2FB099N1LC4R%2Fref%3Dsxin_13_pa_sp_search_thematic_sspa%3Fcontent-id%3Damzn1.sym.4e7a2229-074e-44de-95c4-9fd858f46295%253Aamzn1.sym.4e7a2229-074e-44de-95c4-9fd858f46295%26crid%3DOBYVICK5JJBZ%26cv_ct_cx%3Dmoisturizer%26keywords%3Dmoisturizer%26pd_rd_i%3DB099N1LC4R%26pd_rd_r%3D97bd37bf-e810-4a38-865a-d1ba61766a08%26pd_rd_w%3DY7Sdi%26pd_rd_wg%3DJ0PZ0%26pf_rd_p%3D4e7a2229-074e-44de-95c4-9fd858f46295%26pf_rd_r%3DCCEMA74VNR0AF35M11EF%26qid%3D1668625974%26sprefix%3Dmoisturizer%252Caps%252C93%26sr%3D1-2-a73d1c8c-2fd2-4f19-aa41-2df022bcb241-spons%26sp_csd%3Dd2lkZ2V0TmFtZT1zcF9zZWFyY2hfdGhlbWF0aWM%26psc%3D1,"Body Moisturizer by CETAPHIL, Hydrating Moisturizing Cream for Dry to Very Dry, Sensitive Skin, NEW 20 oz, Fragrance Free, Non-Comedogenic, Non-Greasy",1.25 Pound (Pack of 1),4.8 out of 5 stars,"6,817",$14.27,,B099N1LC4R,https://m.media-amazon.com/images/I/51kKaJy-teL._AC_UL320_.jpg
2739,https://www.amazon.com/sspa/click?ie=UTF8&spc=MToxMTIwMzQ4Mzk1ODk4NzgzOjE2Njg2MjU5NzQ6c3Bfc2VhcmNoX3RoZW1hdGljOjIwMDA5MjkzMTQ4MDM5ODo6Mjo6&url=%2FBurts-Bees-Sensitive-Moisturizing-Packaging%2Fdp%2FB0B69JZ94L%2Fref%3Dsxin_13_pa_sp_search_thematic_sspa%3Fcontent-id%3Damzn1.sym.4e7a2229-074e-44de-95c4-9fd858f46295%253Aamzn1.sym.4e7a2229-074e-44de-95c4-9fd858f46295%26crid%3DOBYVICK5JJBZ%26cv_ct_cx%3Dmoisturizer%26keywords%3Dmoisturizer%26pd_rd_i%3DB0B69JZ94L%26pd_rd_r%3D97bd37bf-e810-4a38-865a-d1ba61766a08%26pd_rd_w%3DY7Sdi%26pd_rd_wg%3DJ0PZ0%26pf_rd_p%3D4e7a2229-074e-44de-95c4-9fd858f46295%26pf_rd_r%3DCCEMA74VNR0AF35M11EF%26qid%3D1668625974%26sprefix%3Dmoisturizer%252Caps%252C93%26sr%3D1-3-a73d1c8c-2fd2-4f19-aa41-2df022bcb241-spons%26sp_csd%3Dd2lkZ2V0TmFtZT1zcF9zZWFyY2hfdGhlbWF0aWM%26psc%3D1,"Burts Bees Sensitive Moisturizing Cream, 3 Fluid Ounces, Packaging May Vary",3 Ounce (Pack of 1),4.4 out of 5 stars,"12,532",$15.39,,B0B69JZ94L,https://m.media-amazon.com/images/I/71-hYjd+DLL._AC_UL320_.jpg
2740,https://www.amazon.com/sspa/click?ie=UTF8&spc=MToxMTIwMzQ4Mzk1ODk4NzgzOjE2Njg2MjU5NzQ6c3Bfc2VhcmNoX3RoZW1hdGljOjIwMDAyNDQ5MTg5ODc0MTo6Mzo6&url=%2FRoche-Posay-Toleriane-Double-Repair-Moisturizer%2Fdp%2FB01N9SPQHQ%2Fref%3Dsxin_13_pa_sp_search_thematic_sspa%3Fcontent-id%3Damzn1.sym.4e7a2229-074e-44de-95c4-9fd858f46295%253Aamzn1.sym.4e7a2229-074e-44de-95c4-9fd858f46295%26crid%3DOBYVICK5JJBZ%26cv_ct_cx%3Dmoisturizer%26keywords%3Dmoisturizer%26pd_rd_i%3DB01N9SPQHQ%26pd_rd_r%3D97bd37bf-e810-4a38-865a-d1ba61766a08%26pd_rd_w%3DY7Sdi%26pd_rd_wg%3DJ0PZ0%26pf_rd_p%3D4e7a2229-074e-44de-95c4-9fd858f46295%26pf_rd_r%3DCCEMA74VNR0AF35M11EF%26qid%3D1668625974%26sprefix%3Dmoisturizer%252Caps%252C93%26sr%3D1-4-a73d1c8c-2fd2-4f19-aa41-2df022bcb241-spons%26sp_csd%3Dd2lkZ2V0TmFtZT1zcF9zZWFyY2hfdGhlbWF0aWM%26psc%3D1,"La Roche-Posay Toleriane Double Repair Face Moisturizer, Daily Moisturizer Face Cream with Ceramide and Niacinamide for All Skin Types, Oil Free, Fragrance Free",2.5 Fl Oz (Pack of 1),4.6 out of 5 stars,"24,221",$20.99,,B01N9SPQHQ,https://m.media-amazon.com/images/I/51+IHPKXFIL._AC_UL320_.jpg
2741,https://www.amazon.com/sspa/click?ie=UTF8&spc=MToxMTIwMzQ4Mzk1ODk4NzgzOjE2Njg2MjU5NzQ6c3Bfc2VhcmNoX3RoZW1hdGljOjIwMDAyMzc4OTMxNDE3MTo6NDo6&url=%2FHyaluronic-Combination-Non-Comedogenic-Dermatologist-Recommended%2Fdp%2FB01MG4PSK4%2Fref%3Dsxin_13_pa_sp_search_thematic_sspa%3Fcontent-id%3Damzn1.sym.4e7a2229-074e-44de-95c4-9fd858f46295%253Aamzn1.sym.4e7a2229-074e-44de-95c4-9fd858f46295%26crid%3DOBYVICK5JJBZ%26cv_ct_cx%3Dmoisturizer%26keywords%3Dmoisturizer%26pd_rd_i%3DB01MG4PSK4%26pd_rd_r%3D97bd37bf-e810-4a38-865a-d1ba61766a08%26pd_rd_w%3DY7Sdi%26pd_rd_wg%3DJ0PZ0%26pf_rd_p%3D4e7a2229-074e-44de-95c4-9fd858f46295%26pf_rd_r%3DCCEMA74VNR0AF35M11EF%26qid%3D1668625974%26sprefix%3Dmoisturizer%252Caps%252C93%26sr%3D1-5-a73d1c8c-2fd2-4f19-aa41-2df022bcb241-spons%26sp_csd%3Dd2lkZ2V0TmFtZT1zcF9zZWFyY2hfdGhlbWF0aWM%26psc%3D1,"CETAPHIL Daily Hydrating Lotion for Face , With Hyaluronic Acid , 3 fl oz , Lasting 24 Hr Hydration , for Combination Skin , No Added Fragrance , Non-Comedogenic",3 Fl Oz (Pack of 1),4.5 out of 5 stars,"44,722",$14.22,,B01MG4PSK4,https://m.media-amazon.com/images/I/61aeYDyy5ML._AC_UL320_.jpg
2742,https://www.amazon.com/sspa/click?ie=UTF8&spc=MTozMTI2NTY4OTA1MDkyMjYzOjE2Njg2MjU5NzQ6c3Bfc2VhcmNoX3RoZW1hdGljOjIwMDA2MzQ0MTkyNjg5ODo6MDo6&url=%2FBiossance-Squalane-Omega-Repair-Cream%2Fdp%2FB07GMS1L24%2Fref%3Dsxin_14_pa_sp_search_thematic-asin_sspa%3Fcontent-id%3Damzn1.sym.4228d1d7-b9a2-4dcc-9504-1ef42bcf486a%253Aamzn1.sym.4228d1d7-b9a2-4dcc-9504-1ef42bcf486a%26crid%3DOBYVICK5JJBZ%26cv_ct_cx%3Dmoisturizer%26keywords%3Dmoisturizer%26pd_rd_i%3DB07GMS1L24%26pd_rd_r%3D97bd37bf-e810-4a38-865a-d1ba61766a08%26pd_rd_w%3DIAZyS%26pd_rd_wg%3DJ0PZ0%26pf_rd_p%3D4228d1d7-b9a2-4dcc-9504-1ef42bcf486a%26pf_rd_r%3DCCEMA74VNR0AF35M11EF%26qid%3D1668625974%26sprefix%3Dmoisturizer%252Caps%252C93%26sr%3D1-1-4a643ae4-6005-4b15-bc31-2c5125e2b25b-spons%26sp_csd%3Dd2lkZ2V0TmFtZT1zcF9zZWFyY2hfdGhlbWF0aWM%26psc%3D1%26smid%3DA1K6EN9YILA842,"Biossance Squalane + Omega Repair Moisturizer. Rich Moisturizer with Hyaluronic Acid and Ceramides to Hydrate, Plump and Smooth Skin. Nourish and Improve Fine Lines (1.6 ounces)",Sponsored,4.3 out of 5 stars|4.2 out of 5 stars|4.6 out of 5 stars|4.7 out of 5 stars|4.7 out of 5 stars|4.7 out of 5 stars|4.3 out of 5 stars|4.6 out of 5 stars,"777|3,244|26,480|20,744|10,049|9,929|9,638|7,535",$60.00,"Climate Pledge Friendly|Climate Pledge Friendly|Climate Pledge Friendly|<img alt="""" src=""https://m.media-amazon.com/images/I/216-OX9rBaL._SS200_.png"" height=""50px"" width=""50px""/>  Climate Pledge Friendly|<img alt="""" src=""https://m.media-amazon.com/images/I/216-OX9rBaL._SS200_.png"" height=""50px"" width=""50px""/>  Climate Pledge Friendly|<img alt="""" src=""https://m.media-amazon.com/images/I/31OPjlesFNL._SS200_.png"" height=""50px"" width=""50px""/> EWG Verified|Climate Pledge Friendly  Small Business|Climate Pledge Friendly|Climate Pledge Friendly|Small Business|Small Business|<img alt="""" src=""https://m.media-amazon.com/images/I/216-OX9rBaL._SS200_.png"" height=""50px"" width=""50px""/>  Climate Pledge Friendly|<img alt="""" src=""https://m.media-amazon.com/images/I/216-OX9rBaL._SS200_.png"" height=""50px"" width=""50px""/>  Climate Pledge Friendly|<img alt="""" src=""https://m.media-amazon.com/images/I/31P6BHLM8wL._SS200_.png"" height=""50px"" width=""50px""/> USDA Organic|<img alt="""" src=""https://m.media-amazon.com/images/I/111mHoVK0kL._SS200_.png"" height=""50px"" width=""50px""/>  Small Business|<img alt="""" src=""https://m.media-amazon.com/images/I/111mHoVK0kL._SS200_.png"" height=""50px"" width=""50px""/>  Small Business|Climate Pledge Friendly|Climate Pledge Friendly|Climate Pledge Friendly|<img alt="""" src=""https://m.media-amazon.com/images/I/216-OX9rBaL._SS200_.png"" height=""50px"" width=""50px""/>  Climate Pledge Friendly|<img alt="""" src=""https://m.media-amazon.com/images/I/216-OX9rBaL._SS200_.png"" height=""50px"" width=""50px""/>  Climate Pledge Friendly|<img alt="""" src=""https://m.media-amazon.com/images/I/51Xs1-s-2hL._SS200_.jpg"" height=""50px"" width=""50px""/> Natrue|Climate Pledge Friendly|Climate Pledge Friendly|Climate Pledge Friendly|<img alt="""" src=""https://m.media-amazon.com/images/I/216-OX9rBaL._SS200_.png"" height=""50px"" width=""50px""/>  Climate Pledge Friendly|<img alt="""" src=""https://m.media-amazon.com/images/I/216-OX9rBaL._SS200_.png"" height=""50px"" width=""50px""/>  Climate Pledge Friendly|<img alt="""" src=""https://m.media-amazon.com/images/I/41Y2L-DZWfL._SS200_.png"" height=""50px"" width=""50px""/> Compact by Design (Certified by Amazon)|Climate Pledge Friendly|Climate Pledge Friendly|Climate Pledge Friendly|<img alt="""" src=""https://m.media-amazon.com/images/I/216-OX9rBaL._SS200_.png"" height=""50px"" width=""50px""/>  Climate Pledge Friendly|<img alt="""" src=""https://m.media-amazon.com/images/I/216-OX9rBaL._SS200_.png"" height=""50px"" width=""50px""/>  Climate Pledge Friendly|<img alt="""" src=""https://m.media-amazon.com/images/I/41Y2L-DZWfL._SS200_.png"" height=""50px"" width=""50px""/> Compact by Design (Certified by Amazon)|Climate Pledge Friendly|Climate Pledge Friendly|Climate Pledge Friendly|<img alt="""" src=""https://m.media-amazon.com/images/I/216-OX9rBaL._SS200_.png"" height=""50px"" width=""50px""/>  Climate Pledge Friendly|<img alt="""" src=""https://m.media-amazon.com/images/I/216-OX9rBaL._SS200_.png"" height=""50px"" width=""50px""/>  Climate Pledge Friendly|<img alt="""" src=""https://m.media-amazon.com/images/I/41Y2L-DZWfL._SS200_.png"" height=""50px"" width=""50px""/> Compact by Design (Certified by Amazon)|Climate Pledge Friendly|Climate Pledge Friendly|Climate Pledge Friendly|<img alt="""" src=""https://m.media-amazon.com/images/I/216-OX9rBaL._SS200_.png"" height=""50px"" width=""50px""/>  Climate Pledge Friendly|<img alt="""" src=""https://m.media-amazon.com/images/I/216-OX9rBaL._SS200_.png"" height=""50px"" width=""50px""/>  Climate Pledge Friendly|<img alt="""" src=""https://m.media-amazon.com/images/I/21gvAoOh07L._SS200_.png"" height=""50px"" width=""50px""/> CarbonNeutral product by Natural Capital Partners|Climate Pledge Friendly|Climate Pledge Friendly|Climate Pledge Friendly|<img alt="""" src=""https://m.media-amazon.com/images/I/216-OX9rBaL._SS200_.png"" height=""50px"" width=""50px""/>  Climate Pledge Friendly|<img alt="""" src=""https://m.media-amazon.com/images/I/216-OX9rBaL._SS200_.png"" height=""50px"" width=""50px""/>  Climate Pledge Friendly|<img alt="""" src=""https://m.media-amazon.com/images/I/51Xs1-s-2hL._SS200_.jpg"" height=""50px"" width=""50px""/> Natrue",,https://m.media-amazon.com/images/I/61X98EwbAoL._AC_UL320_.jpg|https://m.media-amazon.com/images/I/216-OX9rBaL._SS200_.png|||https://m.media-amazon.com/images/I/61ACwcWTReL._AC_UL320_.jpg|https://m.media-amazon.com/images/I/216-OX9rBaL._SS200_.png|https://m.media-amazon.com/images/I/111mHoVK0kL._SS200_.png||||https://m.media-amazon.com/images/I/71My-W3GUvL._AC_UL320_.jpg|https://m.media-amazon.com/images/I/216-OX9rBaL._SS200_.png|||https://m.media-amazon.com/images/I/81QHHCUP4EL._AC_UL320_.jpg|https://m.media-amazon.com/images/I/216-OX9rBaL._SS200_.png|||https://m.media-amazon.com/images/I/61s7Su70hUL._AC_UL320_.jpg|https://m.media-amazon.com/images/I/216-OX9rBaL._SS200_.png|||https://m.media-amazon.com/images/I/71t8I3qEOrL._AC_UL320_.jpg|https://m.media-amazon.com/images/I/216-OX9rBaL._SS200_.png|||https://m.media-amazon.com/images/I/61OjPO2WyGL._AC_UL320_.jpg|https://m.media-amazon.com/images/I/216-OX9rBaL._SS200_.png|||https://m.media-amazon.com/images/I/61Bj42XriFL._AC_UL320_.jpg|https://m.media-amazon.com/images/I/216-OX9rBaL._SS200_.png||
2743,https://aax-us-iad.amazon.com/x/c/RJDA8XR5ykRMrgeVcM09REUAAAGEgdvGRgEAAAH2AQBOL0EgICAgICAgICAgICBOL0EgICAgICAgICAgICD8iz3y/https://www.amazon.com/dp/B07XQBY5QQ?pd_rd_i=B07XQBY5QQ&pf_rd_p=b000e0a0-9e93-480f-bf78-a83c8136dfcb&pf_rd_r=CCEMA74VNR0AF35M11EF&pd_rd_wg=J0PZ0&pd_rd_w=D16mV&pd_rd_r=97bd37bf-e810-4a38-865a-d1ba61766a08,"Olay Regenerist Retinol Moisturizer, Retinol 24 Night Face Mositurizer Cream with Niacinamide, Anti-Wrinkle Fragrance-Free 1.7 oz, Includes Olay Whip Travel Size for Dry Skin",Sponsored,4.6 out of 5 stars,"10,726",$34.99,FREE delivery,,
2745,https://www.amazon.com/CeraVe-Moisturizing-Cream-Daily-Moisturizer/dp/B00TTD9BRC/ref=sr_1_8?crid=OBYVICK5JJBZ&keywords=moisturizer&qid=1668625974&sprefix=moisturizer%2Caps%2C93&sr=8-8,CeraVe Moisturizing Cream | Body and Face Moisturizer for Dry Skin | Body Cream with Hyaluronic Acid and Ceramides | Normal | Fragrance Free | 19 Oz | Packages May Vary,19 Ounce (Pack of 1),4.8 out of 5 stars,"107,234",$17.78,"FREE delivery Tue, Nov 22 on $25 of items shipped by AmazonOr fastest delivery Sun, Nov 20|",B00TTD9BRC,https://m.media-amazon.com/images/I/61VIt2hm6hL._AC_UL320_.jpg
2746,https://www.amazon.com/Roche-Posay-Toleriane-Double-Repair-Moisturizer/dp/B01N9SPQHQ/ref=sr_1_9?crid=OBYVICK5JJBZ&keywords=moisturizer&qid=1668625974&sprefix=moisturizer%2Caps%2C93&sr=8-9,"La Roche-Posay Toleriane Double Repair Face Moisturizer, Daily Moisturizer Face Cream with Ceramide and Niacinamide for All Skin Types, Oil Free, Fragrance Free",2.5 Fl Oz (Pack of 1),4.6 out of 5 stars,"24,221",$20.99,FREE delivery on $25 shipped by Amazon.,B01N9SPQHQ,https://m.media-amazon.com/images/I/51+IHPKXFIL._AC_UL320_.jpg
2747,https://www.amazon.com/SuperHydrate-Moisturiser-Fast-Absorbing-Non-Greasy-Clarifies/dp/B07ZVYMCG8/ref=sr_1_10?crid=OBYVICK5JJBZ&keywords=moisturizer&qid=1668625974&sprefix=moisturizer%2Caps%2C93&sr=8-10,"e.l.f, SuperHydrate Moisturiser, Fast-Absorbing, Non-Greasy, Gel Formula, Hydrates, Tones, Clarifies, Protects, Infused with Vitamin E, 1.69 Oz",1.69 Fl Oz (Pack of 1),4.4 out of 5 stars,"2,656",$12.00,"FREE delivery Tue, Nov 22 on $25 of items shipped by AmazonOr fastest delivery Fri, Nov 18|",B07ZVYMCG8,https://m.media-amazon.com/images/I/619nOSWOXvL._AC_UL320_.jpg
2748,https://www.amazon.com/First-Aid-Beauty-Intense-Hydration/dp/B004WC2H8A/ref=sr_1_11?crid=OBYVICK5JJBZ&keywords=moisturizer&qid=1668625974&sprefix=moisturizer%2Caps%2C93&sr=8-11,First Aid Beauty Ultra Repair Cream Intense Hydration Moisturizer for Face and Body – 2 oz. Travel Size,2 Ounce (Pack of 1),4.7 out of 5 stars,"12,748",$16.00,"FREE delivery Tue, Nov 22 on $25 of items shipped by AmazonOr fastest delivery Fri, Nov 18||Small Business|Small Business|Small Business|<img alt="""" src=""https://m.media-amazon.com/images/I/111mHoVK0kL._SS200_.png"" height=""50px"" width=""50px""/>  Small Business|<img alt="""" src=""https://m.media-amazon.com/images/I/111mHoVK0kL._SS200_.png"" height=""50px"" width=""50px""/>  Small Business",B004WC2H8A,https://m.media-amazon.com/images/I/51ntzdw58mL._AC_UL320_.jpg|https://m.media-amazon.com/images/I/111mHoVK0kL._SS200_.png|
2749,https://www.amazon.com/Embryolisse-Lait-Cr%C3%A8me-Concentr%C3%A9-Makeup-Primer/dp/B007PM1A82/ref=sr_1_12?crid=OBYVICK5JJBZ&keywords=moisturizer&qid=1668625974&sprefix=moisturizer%2Caps%2C93&sr=8-12,"Embryolisse Lait-Crème Concentré, Face Cream & Makeup Primer - Shea Moisture Cream for Daily Skincare - Face Moisturizers for All Skin Types",2.54 Fl Oz (Pack of 1),4.6 out of 5 stars,"17,914",$29.00,"FREE delivery Tue, Nov 22 Or fastest delivery Fri, Nov 18|",B007PM1A82,https://m.media-amazon.com/images/I/71fLi+gxKqS._AC_UL320_.jpg
2750,https://www.amazon.com/Neutrogena-Hydro-Hyaluronic-Hydrating-Moisturizer/dp/B00NR1YQHM/ref=sr_1_13?crid=OBYVICK5JJBZ&keywords=moisturizer&qid=1668625974&sprefix=moisturizer%2Caps%2C93&sr=8-13,"Neutrogena Hydro Boost Face Moisturizer with Hyaluronic Acid for Dry Skin, Oil-Free and Non-Comedogenic Water Gel Face Lotion, 1.7 oz",1.7 Ounce (Pack of 1),4.7 out of 5 stars,"76,235",$18.36,"FREE delivery Tue, Nov 22 on $25 of items shipped by AmazonOr fastest delivery Fri, Nov 18|",B00NR1YQHM,https://m.media-amazon.com/images/I/71n9F0LtxLL._AC_UL320_.jpg
2751,https://www.amazon.com/Roche-Posay-Toleriane-Double-Repair-Moisturizer/dp/B01NCWV3KM/ref=sr_1_14?crid=OBYVICK5JJBZ&keywords=moisturizer&qid=1668625974&sprefix=moisturizer%2Caps%2C93&sr=8-14,"La Roche-Posay Toleriane Double Repair UV SPF Moisturizer for Face, Daily Facial Moisturizer with Sunscreen SPF 30, Niacinamide and Glycerin, Oil Free, Moisturizing Sun Protection",2.5 Fl Oz (Pack of 1),4.6 out of 5 stars,"15,612",$20.99,"FREE delivery Tue, Nov 22 on $25 of items shipped by AmazonOr fastest delivery Sat, Nov 19|",B01NCWV3KM,https://m.media-amazon.com/images/I/719eodXUUIL._AC_UL320_.jpg
2752,https://www.amazon.com/Clinique-Dramatically-Different-Moisturizing-Combination/dp/B00CVZ3NJ2/ref=sr_1_15?crid=OBYVICK5JJBZ&keywords=moisturizer&qid=1668625974&sprefix=moisturizer%2Caps%2C93&sr=8-15,Clinique Dramatically Different Moisturizing Lotion+ with Pump Very Dry to Dry Combination Skin 4.2 oz / 125 ml,4.2 Fl Oz (Pack of 1),4.8 out of 5 stars,"10,053",$19.00,FREE delivery Nov 22 - 25,B00CVZ3NJ2,https://m.media-amazon.com/images/I/71peDXgqtCL._AC_UL320_.jpg
2753,https://www.amazon.com/Versed-Moisturizing-Moisturizer-Hydrating-Moisturizers/dp/B07TKP8VZ2/ref=sr_1_16?crid=OBYVICK5JJBZ&keywords=moisturizer&qid=1668625974&sprefix=moisturizer%2Caps%2C93&sr=8-16,"Versed Dew Point - Daily Lightweight Gel Face Moisturizer for Hydrated, Bouncy Skin - Quick Absorbing, Non-Greasy Cream With Green Tea Leaf Extract and Aloe Leaf Juice - Vegan (2 fl oz)",2 Fl Oz (Pack of 1),4.6 out of 5 stars,"1,111",$14.97,"FREE delivery Tue, Nov 22 on $25 of items shipped by AmazonOr fastest delivery Fri, Nov 18|",B07TKP8VZ2,https://m.media-amazon.com/images/I/41hLaFCJjjL._AC_UL320_.jpg
2754,https://www.amazon.com/sspa/click?ie=UTF8&spc=MTo4ODMwMTM0NDk3ODMwMTk2OjE2Njg2MjU5NzQ6c3BfbXRmOjIwMDAxMzU5MjE5NjkyMTo6MDo6&url=%2FAmazon-Brand-Oil-free-Moisturizer-Sensitive%2Fdp%2FB07N31VZP8%2Fref%3Dsr_1_17_sspa%3Fcrid%3DOBYVICK5JJBZ%26keywords%3Dmoisturizer%26qid%3D1668625974%26sprefix%3Dmoisturizer%252Caps%252C93%26sr%3D8-17-spons%26sp_csd%3Dd2lkZ2V0TmFtZT1zcF9tdGY%26psc%3D1,"Amazon Brand - Solimo Oil-free Facial Moisturizer for Sensitive Skin, 4 Fluid Ounce, 1 pack",Featured from our brands,4.4 out of 5 stars,"4,991",$9.90,"FREE delivery Wed, Nov 23 on $25 of items shipped by AmazonOr fastest delivery Sun, Nov 20|",B07N31VZP8,https://m.media-amazon.com/images/I/712NP471jYL._AC_UL320_.jpg
2755,https://www.amazon.com/sspa/click?ie=UTF8&spc=MTo4ODMwMTM0NDk3ODMwMTk2OjE2Njg2MjU5NzQ6c3BfbXRmOjIwMDA4ODg4Mzg0MzQ3MTo6MDo6&url=%2FMoisturizer-Hydrating-Moisturizing-Non-Comedogenic-Non-Greasy%2Fdp%2FB099N1LC4R%2Fref%3Dsr_1_18_sspa%3Fcrid%3DOBYVICK5JJBZ%26keywords%3Dmoisturizer%26qid%3D1668625974%26sprefix%3Dmoisturizer%252Caps%252C93%26sr%3D8-18-spons%26sp_csd%3Dd2lkZ2V0TmFtZT1zcF9tdGY%26psc%3D1,"Body Moisturizer by CETAPHIL, Hydrating Moisturizing Cream for Dry to Very Dry, Sensitive Skin, NEW 20 oz, Fragrance Free, Non-Comedogenic, Non-Greasy",Sponsored,4.8 out of 5 stars,"6,817",$14.27,"FREE delivery Tue, Nov 22 on $25 of items shipped by AmazonOr fastest delivery Fri, Nov 18|",B099N1LC4R,https://m.media-amazon.com/images/I/51kKaJy-teL._AC_UL320_.jpg
2756,https://www.amazon.com/sspa/click?ie=UTF8&spc=MTo4ODMwMTM0NDk3ODMwMTk2OjE2Njg2MjU5NzQ6c3BfbXRmOjIwMDAyMzc4OTMxNDE3MTo6MDo6&url=%2FHyaluronic-Combination-Non-Comedogenic-Dermatologist-Recommended%2Fdp%2FB01MG4PSK4%2Fref%3Dsr_1_19_sspa%3Fcrid%3DOBYVICK5JJBZ%26keywords%3Dmoisturizer%26qid%3D1668625974%26sprefix%3Dmoisturizer%252Caps%252C93%26sr%3D8-19-spons%26sp_csd%3Dd2lkZ2V0TmFtZT1zcF9tdGY%26psc%3D1,"CETAPHIL Daily Hydrating Lotion for Face , With Hyaluronic Acid , 3 fl oz , Lasting 24 Hr Hydration , for Combination Skin , No Added Fragrance , Non-Comedogenic",Sponsored,4.5 out of 5 stars,"44,722",$14.22,"FREE delivery Tue, Nov 22 on $25 of items shipped by AmazonOr fastest delivery Fri, Nov 18|",B01MG4PSK4,https://m.media-amazon.com/images/I/61aeYDyy5ML._AC_UL320_.jpg
2757,https://www.amazon.com/sspa/click?ie=UTF8&spc=MTo4ODMwMTM0NDk3ODMwMTk2OjE2Njg2MjU5NzQ6c3BfbXRmOjIwMDA1ODY1NDY4Mzc5ODo6MDo6&url=%2FNeutrogena-Hyaluronic-Moisturizer-Sunscreen-Fragrance-Free%2Fdp%2FB097NNR535%2Fref%3Dsr_1_20_sspa%3Fcrid%3DOBYVICK5JJBZ%26keywords%3Dmoisturizer%26qid%3D1668625974%26sprefix%3Dmoisturizer%252Caps%252C93%26sr%3D8-20-spons%26sp_csd%3Dd2lkZ2V0TmFtZT1zcF9tdGY%26psc%3D1,"Neutrogena Hydro Boost Face Moisturizer with SPF 50, Hydrating Facial Suncreen Lotion, Non-Comedogenic and Fragrance-Free, 1.7 Oz",Sponsored,4.3 out of 5 stars,"2,920",$19.58,"FREE delivery Tue, Nov 22 on $25 of items shipped by AmazonOr fastest delivery Fri, Nov 18|",B097NNR535,https://m.media-amazon.com/images/I/711N2q+T-0L._AC_UL320_.jpg
2758,https://www.amazon.com/CeraVe-Facial-Moisturizing-Lotion-AM/dp/B00F97FHAW/ref=sr_1_21?crid=OBYVICK5JJBZ&keywords=moisturizer&qid=1668625974&sprefix=moisturizer%2Caps%2C93&sr=8-21,CeraVe AM Facial Moisturizing Lotion SPF 30 | Oil-Free Face Moisturizer with Sunscreen | Non-Comedogenic | 3 Ounce,3 Fl Oz (Pack of 1),4.6 out of 5 stars,"66,678",$14.62,FREE delivery on $25 shipped by Amazon.,B00F97FHAW,https://m.media-amazon.com/images/I/71J0BtuYB2L._AC_UL320_.jpg
2759,https://www.amazon.com/Aveeno-Moisturizing-Soothing-Emollients-Fragrance-Free/dp/B001459IEE/ref=sr_1_22?crid=OBYVICK5JJBZ&keywords=moisturizer&qid=1668625974&sprefix=moisturizer%2Caps%2C93&sr=8-22,"Aveeno Daily Moisturizing Body Lotion with Soothing Prebiotic Oat, Gentle Lotion Nourishes Dry Skin With Moisture, Paraben-, Dye- & Fragrance-Free, Non-Greasy & Non-Comedogenic, 18 fl. oz",18 Fl Oz (Pack of 1),4.8 out of 5 stars,"42,746",$9.64,"FREE delivery Tue, Nov 22 on $25 of items shipped by AmazonOr fastest delivery Sat, Nov 19|",B001459IEE,https://m.media-amazon.com/images/I/61ylRw8X2hL._AC_UL320_.jpg
2760,https://www.amazon.com/COSRX-Moisturizer-Acne-prone-Sensitive-Phthalates/dp/B01LEJ5MSK/ref=sr_1_23?crid=OBYVICK5JJBZ&keywords=moisturizer&qid=1668625974&sprefix=moisturizer%2Caps%2C93&sr=8-23,"COSRX Snail Mucin 92% Repair Cream 3.52 oz, 100g, Daily Face Gel Moisturizer for Dry Skin, Acne-prone, Sensitive Skin, Not Tested on Animals, No Parabens, No Sulfates, No Phthalates, Korean Skincare",3.52 Ounce (Pack of 1),4.5 out of 5 stars,"13,705",$25.26,"FREE delivery Tue, Nov 22 Or fastest delivery Fri, Nov 18|",B01LEJ5MSK,https://m.media-amazon.com/images/I/7135DSnMj+L._AC_UL320_.jpg
2761,https://www.amazon.com/Intensive-Hypoallergenic-Hydrating-Sensitive-Water-oil/dp/B091PN6NPT/ref=sr_1_24?crid=OBYVICK5JJBZ&keywords=moisturizer&qid=1668625974&sprefix=moisturizer%2Caps%2C93&sr=8-24,"ETUDE SoonJung 2x Barrier Intensive Cream 60ml (21AD) | Hypoallergenic Shea Butter Hydrating Facial Cream for Sensitive Skin, Water-oil Balance Panthenol Heals Damaged Skin | K-beauty",2.02 Fl Oz (Pack of 1),4.7 out of 5 stars,"3,446",$16.43,"FREE delivery Tue, Nov 22 on $25 of items shipped by AmazonOr fastest delivery Fri, Nov 18|",B091PN6NPT,https://m.media-amazon.com/images/I/41tw9Q1q8LS._AC_UL320_.jpg
2762,https://www.amazon.com/COSRX-Ultra-Moisturizing-Lotion-Birch/dp/B01CLTKI4A/ref=sr_1_25?crid=OBYVICK5JJBZ&keywords=moisturizer&qid=1668625974&sprefix=moisturizer%2Caps%2C93&sr=8-25,"COSRX Oil Free Lotion with Birch Sap, Daily Acne Facial Moisturizer, 3.38 fl.oz / 100ml, Hydrating moisturizer for all skin types, Korean skincare, Paraben free",3.38 Fl Oz (Pack of 1),4.6 out of 5 stars,"3,906",$14.98,"FREE delivery Tue, Nov 22 on $25 of items shipped by AmazonOr fastest delivery Mon, Nov 21|",B01CLTKI4A,https://m.media-amazon.com/images/I/51jI1dL0+NL._AC_UL320_.jpg
2763,https://www.amazon.com/COSRX-Hyaluronic-Intensive-Cream-100ml/dp/B072FH17NJ/ref=sr_1_26?crid=OBYVICK5JJBZ&keywords=moisturizer&qid=1668625974&sprefix=moisturizer%2Caps%2C93&sr=8-26,"COSRX Hyaluronic Acid Moisturizing Cream, Long-lasting Hydration, Rich Moisturizer for Sensitive Skin 3.53 oz / 100g, Korean Skin Care, Animal Testing Free, Parabens Free",3.53 Ounce (Pack of 1),4.6 out of 5 stars,"1,749",$18.00,"FREE delivery Tue, Nov 22 on $25 of items shipped by AmazonOr fastest delivery Fri, Nov 18|",B072FH17NJ,https://m.media-amazon.com/images/I/61pTyy0RnLS._AC_UL320_.jpg
2764,https://www.amazon.com/Clarifying-Prebiotic-Moisturizer-Hydrating-Daily/dp/B08ZD7Z497/ref=sr_1_27?crid=OBYVICK5JJBZ&keywords=moisturizer&qid=1668625974&sprefix=moisturizer%2Caps%2C93&sr=8-27,"Clear Collective Clarifying Prebiotic Moisturizer from Hero Cosmetics - Hydrating Daily Face Moisturizer to Purify, Smooth and Soften Skin | Designed to Fortify and Replenish Acne-Prone Skin (2.36 fl oz)",2.36 Fl Oz (Pack of 1),4.4 out of 5 stars,"1,458",$12.99,"FREE delivery Tue, Nov 22 on $25 of items shipped by AmazonOr fastest delivery Sat, Nov 19||Climate Pledge Friendly|Climate Pledge Friendly|Climate Pledge Friendly|<img alt="""" src=""https://m.media-amazon.com/images/I/216-OX9rBaL._SS200_.png"" height=""50px"" width=""50px""/>  Climate Pledge Friendly|<img alt="""" src=""https://m.media-amazon.com/images/I/216-OX9rBaL._SS200_.png"" height=""50px"" width=""50px""/>  Climate Pledge Friendly|<img alt="""" src=""https://m.media-amazon.com/images/I/51vC-CaTYRL._SS200_.png"" height=""50px"" width=""50px""/> Carbonfree Certified",B08ZD7Z497,https://m.media-amazon.com/images/I/41NOBclSQBS._AC_UL320_.jpg|https://m.media-amazon.com/images/I/216-OX9rBaL._SS200_.png||
2765,https://www.amazon.com/Aveeno-Moisturizer-Lightweight-Hypoallergenic-Paraben-Free/dp/B08D9MSGVQ/ref=sr_1_28?crid=OBYVICK5JJBZ&keywords=moisturizer&qid=1668625974&sprefix=moisturizer%2Caps%2C93&sr=8-28,"Aveeno Calm + Restore Oat Gel Facial Moisturizer for Sensitive Skin, Lightweight Gel Cream Face Moisturizer with Prebiotic Oat and Feverfew, Hypoallergenic, Fragrance- and Paraben-Free, 1.7 oz",1.7 Ounce (Pack of 1),4.5 out of 5 stars,"14,050",$13.89,"FREE delivery Tue, Nov 22 on $25 of items shipped by AmazonOr fastest delivery Fri, Nov 18|",B08D9MSGVQ,https://m.media-amazon.com/images/I/71TN0K5HkrL._AC_UL320_.jpg
2766,https://www.amazon.com/Hyaluronic-Combination-Non-Comedogenic-Dermatologist-Recommended/dp/B01MG4PSK4/ref=sr_1_29?crid=OBYVICK5JJBZ&keywords=moisturizer&qid=1668625974&sprefix=moisturizer%2Caps%2C93&sr=8-29,"CETAPHIL Daily Hydrating Lotion for Face , With Hyaluronic Acid , 3 fl oz , Lasting 24 Hr Hydration , for Combination Skin , No Added Fragrance , Non-Comedogenic",3 Fl Oz (Pack of 1),4.5 out of 5 stars,"44,722",$14.22,"FREE delivery Tue, Nov 22 on $25 of items shipped by AmazonOr fastest delivery Fri, Nov 18|",B01MG4PSK4,https://m.media-amazon.com/images/I/61aeYDyy5ML._AC_UL320_.jpg
2767,https://www.amazon.com/Anti-Aging-Retinol-Moisturizer-Cream/dp/B01DC6XTYC/ref=sr_1_30?crid=OBYVICK5JJBZ&keywords=moisturizer&qid=1668625974&sprefix=moisturizer%2Caps%2C93&sr=8-30,"Pure Anti-Wrinkle Face & Neck Retinol Cream with Hyaluronic Acid - Premium Anti-Aging Face Moisturizer - Anti Aging Firming Facial Cream to Reduce Wrinkles, Dark Spots, Fine Lines, Sun Damage - 1.7 Oz",1.7 Ounce (Pack of 1),4.4 out of 5 stars,"15,242",$26.97,"FREE delivery Tue, Nov 22 Or fastest delivery Fri, Nov 18|",B01DC6XTYC,https://m.media-amazon.com/images/I/71EXL4Q+Q5L._AC_UL320_.jpg
2768,https://www.amazon.com/Moisturizer-Hydrating-Moisturizing-Non-Comedogenic-Non-Greasy/dp/B099N1LC4R/ref=sr_1_31?crid=OBYVICK5JJBZ&keywords=moisturizer&qid=1668625974&sprefix=moisturizer%2Caps%2C93&sr=8-31,"Body Moisturizer by CETAPHIL, Hydrating Moisturizing Cream for Dry to Very Dry, Sensitive Skin, NEW 20 oz, Fragrance Free, Non-Comedogenic, Non-Greasy",1.25 Pound (Pack of 1),4.8 out of 5 stars,"6,817",$14.27,"FREE delivery Tue, Nov 22 on $25 of items shipped by AmazonOr fastest delivery Fri, Nov 18|",B099N1LC4R,https://m.media-amazon.com/images/I/51kKaJy-teL._AC_UL320_.jpg
2769,https://www.amazon.com/CeraVe-Facial-Moisturizing-Lotion-Lightweight/dp/B00365DABC/ref=sr_1_32?crid=OBYVICK5JJBZ&keywords=moisturizer&qid=1668625974&sprefix=moisturizer%2Caps%2C93&sr=8-32,"CeraVe PM Facial Moisturizing Lotion | Night Cream with Hyaluronic Acid and Niacinamide | Ultra-Lightweight, Oil-Free Moisturizer for Face | 3 Ounce",3 Ounce (Pack of 1),4.7 out of 5 stars,"39,577",$13.97,FREE delivery on $25 shipped by Amazon.,B00365DABC,https://m.media-amazon.com/images/I/71L2i2B4DIL._AC_UL320_.jpg
2770,https://www.amazon.com/sspa/click?ie=UTF8&spc=MTo4ODMwMTM0NDk3ODMwMTk2OjE2Njg2MjU5NzQ6c3BfbXRmOjIwMDA5MjkzMTQ4MDM5ODo6MDo6&url=%2FBurts-Bees-Sensitive-Moisturizing-Packaging%2Fdp%2FB0B69JZ94L%2Fref%3Dsr_1_33_sspa%3Fcrid%3DOBYVICK5JJBZ%26keywords%3Dmoisturizer%26qid%3D1668625974%26sprefix%3Dmoisturizer%252Caps%252C93%26sr%3D8-33-spons%26sp_csd%3Dd2lkZ2V0TmFtZT1zcF9tdGY%26psc%3D1,"Burts Bees Sensitive Moisturizing Cream, 3 Fluid Ounces, Packaging May Vary",Sponsored,4.4 out of 5 stars,"12,532",$15.39,"FREE delivery Tue, Nov 22 on $25 of items shipped by AmazonOr fastest delivery Fri, Nov 18|",B0B69JZ94L,https://m.media-amazon.com/images/I/71-hYjd+DLL._AC_UL320_.jpg
2771,https://www.amazon.com/sspa/click?ie=UTF8&spc=MTo4ODMwMTM0NDk3ODMwMTk2OjE2Njg2MjU5NzQ6c3BfbXRmOjIwMDA4NzM3MDg3ODE5ODo6MDo6&url=%2FMaree-Eye-Gels-Hyaluronic-Moisturizer%2Fdp%2FB0B641HBKN%2Fref%3Dsr_1_34_sspa%3Fcrid%3DOBYVICK5JJBZ%26keywords%3Dmoisturizer%26qid%3D1668625974%26sprefix%3Dmoisturizer%252Caps%252C93%26sr%3D8-34-spons%26sp_csd%3Dd2lkZ2V0TmFtZT1zcF9tdGY%26psc%3D1,"Maree Eye Gels - Pearl Eye Masks that Reduce Wrinkles, Puffy Eyes, Dark Circles, Eye Bags with Natural Marine Collagen, Hyaluronic HA - Anti Aging Under Eye Patches, Face Moisturizer Treatment",Sponsored,4.7 out of 5 stars,152,$9.99,"FREE delivery Tue, Nov 22 on $25 of items shipped by AmazonOr fastest delivery Fri, Nov 18||Small Business|Small Business|Small Business|<img alt="""" src=""https://m.media-amazon.com/images/I/111mHoVK0kL._SS200_.png"" height=""50px"" width=""50px""/>  Small Business|<img alt="""" src=""https://m.media-amazon.com/images/I/111mHoVK0kL._SS200_.png"" height=""50px"" width=""50px""/>  Small Business",B0B641HBKN,https://m.media-amazon.com/images/I/8106UP6Bi9L._AC_UL320_.jpg|https://m.media-amazon.com/images/I/111mHoVK0kL._SS200_.png|
2772,https://www.amazon.com/sspa/click?ie=UTF8&spc=MTo4ODMwMTM0NDk3ODMwMTk2OjE2Njg2MjU5NzQ6c3BfbXRmOjIwMDA1NTkwNjEyOTE5ODo6MDo6&url=%2FAveeno-Moisturizing-Soothing-Emollients-Fragrance-Free%2Fdp%2FB001459IEE%2Fref%3Dsr_1_35_sspa%3Fcrid%3DOBYVICK5JJBZ%26keywords%3Dmoisturizer%26qid%3D1668625974%26sprefix%3Dmoisturizer%252Caps%252C93%26sr%3D8-35-spons%26sp_csd%3Dd2lkZ2V0TmFtZT1zcF9tdGY%26psc%3D1,"Aveeno Daily Moisturizing Body Lotion with Soothing Prebiotic Oat, Gentle Lotion Nourishes Dry Skin With Moisture, Paraben-, Dye- & Fragrance-Free, Non-Greasy & Non-Comedogenic, 18 fl. oz",Sponsored,4.8 out of 5 stars,"42,746",$9.64,"FREE delivery Tue, Nov 22 on $25 of items shipped by AmazonOr fastest delivery Sat, Nov 19|",B001459IEE,https://m.media-amazon.com/images/I/61ylRw8X2hL._AC_UL320_.jpg
2773,https://www.amazon.com/sspa/click?ie=UTF8&spc=MTo4ODMwMTM0NDk3ODMwMTk2OjE2Njg2MjU5NzQ6c3BfbXRmOjIwMDEwMjMxNjM5NTI5ODo6MDo6&url=%2FNeutrogena-Hyaluronic-Hydrating-Moisturizer-Gel-Cream%2Fdp%2FB00NR1YQK4%2Fref%3Dsr_1_36_sspa%3Fcrid%3DOBYVICK5JJBZ%26keywords%3Dmoisturizer%26qid%3D1668625974%26sprefix%3Dmoisturizer%252Caps%252C93%26sr%3D8-36-spons%26sp_csd%3Dd2lkZ2V0TmFtZT1zcF9tdGY%26psc%3D1,"Neutrogena Hydro Boost Face Moisturizer with Hyaluronic Acid for Extra Dry Skin, Fragrance Free, Oil-Free, Non-Comedogenic Gel Cream Face Lotion, 1.7 oz",Sponsored,4.7 out of 5 stars,"39,699",$19.59,"FREE delivery Tue, Nov 22 on $25 of items shipped by AmazonOr fastest delivery Sat, Nov 19|",B00NR1YQK4,https://m.media-amazon.com/images/I/71Z+wNMRYYL._AC_UL320_.jpg
2774,https://www.amazon.com/Vanicream-Sensitive-Fragrance-Parabens-Formaldehyde/dp/B003XWG880/ref=sr_1_37?crid=OBYVICK5JJBZ&keywords=moisturizer&qid=1668625974&sprefix=moisturizer%2Caps%2C93&sr=8-37,Vanicream Moisturizing Lotion with Pump | Fragrance and Gluten Free | For Sensitive Skin | 16 Ounce (Pack of 1),1 Pound (Pack of 1),4.7 out of 5 stars,"8,958",$12.59,"FREE delivery Tue, Nov 22 on $25 of items shipped by AmazonOr fastest delivery Fri, Nov 18|",B003XWG880,https://m.media-amazon.com/images/I/512D-cEPBZL._AC_UL320_.jpg
2775,https://www.amazon.com/MARLOWE-Moisturizer-Lightweight-Ingredients-Anti-Aging/dp/B06WLQQSXR/ref=sr_1_38?crid=OBYVICK5JJBZ&keywords=moisturizer&qid=1668625974&sprefix=moisturizer%2Caps%2C93&sr=8-38,"MARLOWE. No. 123 Men's Facial Moisturizer 6 oz | Lightweight Daily Face Lotion for Men | Best for All Skin Types | Includes Natural Extracts to Hydrate, Soothe & Restore",6 Fl Oz (Pack of 1),4.5 out of 5 stars,"6,484",$13.99,"FREE delivery Tue, Nov 22 on $25 of items shipped by AmazonOr fastest delivery Fri, Nov 18||Small Business|Small Business|Small Business|<img alt="""" src=""https://m.media-amazon.com/images/I/111mHoVK0kL._SS200_.png"" height=""50px"" width=""50px""/>  Small Business|<img alt="""" src=""https://m.media-amazon.com/images/I/111mHoVK0kL._SS200_.png"" height=""50px"" width=""50px""/>  Small Business",B06WLQQSXR,https://m.media-amazon.com/images/I/61B0Any1pKS._AC_UL320_.jpg|https://m.media-amazon.com/images/I/111mHoVK0kL._SS200_.png|
2776,https://www.amazon.com/Burts-Bees-Sensitive-Daily-Moisturizing/dp/B004VMGTY4/ref=sr_1_39?crid=OBYVICK5JJBZ&keywords=moisturizer&qid=1668625974&sprefix=moisturizer%2Caps%2C93&sr=8-39,"Burt's Bees Sensitive Solutions Calming Day Lotion with Aloe and Rice Milk, 98.8% Natural Origin, 1.8 Fluid Ounces",1.8 Ounce (Pack of 1),4.4 out of 5 stars,"12,532",$10.39,"FREE delivery Tue, Nov 22 on $25 of items shipped by AmazonOr fastest delivery Fri, Nov 18||Climate Pledge Friendly|Climate Pledge Friendly|Climate Pledge Friendly|<img alt="""" src=""https://m.media-amazon.com/images/I/216-OX9rBaL._SS200_.png"" height=""50px"" width=""50px""/>  Climate Pledge Friendly|<img alt="""" src=""https://m.media-amazon.com/images/I/216-OX9rBaL._SS200_.png"" height=""50px"" width=""50px""/>  Climate Pledge Friendly|<img alt="""" src=""https://m.media-amazon.com/images/I/21gvAoOh07L._SS200_.png"" height=""50px"" width=""50px""/> CarbonNeutral product by Natural Capital Partners",B004VMGTY4,https://m.media-amazon.com/images/I/81w0Om5tyBL._AC_UL320_.jpg|https://m.media-amazon.com/images/I/216-OX9rBaL._SS200_.png||
2777,https://www.amazon.com/Neutrogena-Hydro-Hyaluronic-Hydrating-Moisturizer/dp/B017W3J8TQ/ref=sr_1_40?crid=OBYVICK5JJBZ&keywords=moisturizer&qid=1668625974&sprefix=moisturizer%2Caps%2C93&sr=8-40,"Neutrogena Hydro Boost Hyaluronic Acid Hydrating Water Gel Daily Face Moisturizer for Dry Skin, Oil-Free, Non-Comedogenic Face Lotion, 1.7 fl. oz",1.7 Fl Oz (Pack of 1),4.6 out of 5 stars,"2,942",$16.99,FREE delivery on $25 shipped by Amazon.,B017W3J8TQ,https://m.media-amazon.com/images/I/71OMjJiIRxL._AC_UL320_.jpg
2778,https://www.amazon.com/Moisturizer-Hydrating-Moisturizing-Hypoallergenic-Non-Comedogenic/dp/B099N2SLT9/ref=sr_1_41?crid=OBYVICK5JJBZ&keywords=moisturizer&qid=1668625974&sprefix=moisturizer%2Caps%2C93&sr=8-41,"Body Moisturizer by CETAPHIL, Hydrating Moisturizing Lotion for All Skin Types, Suitable for Sensitive Skin, NEW 20 oz, Fragrance Free, Hypoallergenic, Non-Comedogenic",20 Fl Oz (Pack of 1),4.7 out of 5 stars,"4,108",$15.04,"FREE delivery Tue, Nov 22 on $25 of items shipped by AmazonOr fastest delivery Fri, Nov 18|",B099N2SLT9,https://m.media-amazon.com/images/I/61sSjTk8NFL._AC_UL320_.jpg
2779,https://www.amazon.com/Neutrogena-Daily-Lasting-Facial-Moisturizer/dp/B000052YP1/ref=sr_1_42?crid=OBYVICK5JJBZ&keywords=moisturizer&qid=1668625974&sprefix=moisturizer%2Caps%2C93&sr=8-42,"Neutrogena Oil Free Daily Long Lasting Facial Moisturizer & Neck Cream - Non Greasy, Oil Free Moisturizer Won't Clog Pores - SPF 15 Sunscreen & Glycerin, 4 fl. oz",4 Fl Oz (Pack of 1),4.6 out of 5 stars,"7,093",$11.49,"FREE delivery Tue, Nov 22 on $25 of items shipped by AmazonOr fastest delivery Sat, Nov 19|",B000052YP1,https://m.media-amazon.com/images/I/71X5jVxLV3L._AC_UL320_.jpg
2780,https://www.amazon.com/Tatcha-Dewy-Skin-Cream-Hydrate/dp/B09QBB8ZL4/ref=sr_1_43?crid=OBYVICK5JJBZ&keywords=moisturizer&qid=1668625974&sprefix=moisturizer%2Caps%2C93&sr=8-43,"Tatcha The Dewy Skin Cream: Rich Cream to Hydrate, Plump and Protect Dry and Combo Skin - 50 ml / 1.7 oz",1.7 Ounce (Pack of 1),4.8 out of 5 stars,749,$69.00,"FREE delivery Tue, Nov 22 Or fastest delivery Fri, Nov 18||Small Business|Small Business|Small Business|<img alt="""" src=""https://m.media-amazon.com/images/I/111mHoVK0kL._SS200_.png"" height=""50px"" width=""50px""/>  Small Business|<img alt="""" src=""https://m.media-amazon.com/images/I/111mHoVK0kL._SS200_.png"" height=""50px"" width=""50px""/>  Small Business",B09QBB8ZL4,https://m.media-amazon.com/images/I/51RFfDtchYL._AC_UL320_.jpg|https://m.media-amazon.com/images/I/111mHoVK0kL._SS200_.png|
2781,https://www.amazon.com/Treatment-Salicylic-Advanced-Effective-Treatment/dp/B0B99BJQ7G/ref=sr_1_44?crid=OBYVICK5JJBZ&keywords=moisturizer&qid=1668625974&sprefix=moisturizer%2Caps%2C93&sr=8-44,"Cystic Acne Treatment, Salicylic Acid Acne Treatment for Face, Advanced Acne Spot Treatment for Face, Natural Acne Cream and Pimple Cream, Effective Hormonal Acne Treatment.",($5.68/Ounce),4.8 out of 5 stars,80,$19.99,"FREE delivery Tue, Nov 22 on $25 of items shipped by AmazonOr fastest delivery Fri, Nov 18|",B0B99BJQ7G,https://m.media-amazon.com/images/I/61PYNXsYvwL._AC_UL320_.jpg
2782,https://www.amazon.com/DearKlairs-Moist-Soothing-cream-sensitive/dp/B09BDYQ83D/ref=sr_1_45?crid=OBYVICK5JJBZ&keywords=moisturizer&qid=1668625974&sprefix=moisturizer%2Caps%2C93&sr=8-45,"[DearKlairs] Rich Moist Soothing cream, for sensitive skin (0.67)",0.67 Fl Oz (Pack of 1),4.6 out of 5 stars,"2,223",$10.00,"FREE delivery Tue, Nov 22 on $25 of items shipped by AmazonOr fastest delivery Fri, Nov 18|",B09BDYQ83D,https://m.media-amazon.com/images/I/31RzYWz2boL._AC_UL320_.jpg
2783,https://www.amazon.com/Aveeno-Moisturizing-Lightweight-Fast-Absorbing-Fragrance-Free/dp/B00NFR14PK/ref=sr_1_46?crid=OBYVICK5JJBZ&keywords=moisturizer&qid=1668625974&sprefix=moisturizer%2Caps%2C93&sr=8-46,"Aveeno Sheer Hydration Daily Moisturizing Fragrance-Free Lotion with Nourishing Prebiotic Oat, Fast-Absorbing Body Moisturizer for Dry Skin with Lightweight, Breathable Feel, 18 fl. oz",18 Fl Oz (Pack of 1),4.7 out of 5 stars,"10,194",$9.64,"FREE delivery Tue, Nov 22 on $25 of items shipped by AmazonOr fastest delivery Fri, Nov 18|",B00NFR14PK,https://m.media-amazon.com/images/I/61KogQ3fuCL._AC_UL320_.jpg
2784,https://www.amazon.com/P%C3%9CR-Lift-Age-Defying-Moisturizer-Ounce/dp/B00DTHJWD2/ref=sr_1_47?crid=OBYVICK5JJBZ&keywords=moisturizer&qid=1668625974&sprefix=moisturizer%2Caps%2C93&sr=8-47,"PÜR Get A Lift Firming Facial Cream Moisturizer, Tightens Skin, Restores Firmness, Non-Greasy and Lighweight, Cruelty-Free, Gluten Free",($11.70/Ounce),4.7 out of 5 stars,389,$23.40,"FREE delivery Tue, Nov 22 on $25 of items shipped by AmazonOr fastest delivery Fri, Nov 18|",B00DTHJWD2,https://m.media-amazon.com/images/I/51E4RYsmCyL._AC_UL320_.jpg
2785,https://www.amazon.com/EltaMD-Therapy-Facial-Moisturizer-1-7/dp/B00C8FVXQA/ref=sr_1_48?crid=OBYVICK5JJBZ&keywords=moisturizer&qid=1668625974&sprefix=moisturizer%2Caps%2C93&sr=8-48,"EltaMD AM Therapy Facial Moisturizer Lotion, Lightweight Face Moisturizer for Women with Hyaluronic Acid, Hydrates and Moisturizes Skin, Oil Free, Fragrance Free, Safe for Sensitive Skin, 1.7 oz Pump",1.7 Ounce (Pack of 1),4.7 out of 5 stars,"4,566",$39.00,"FREE delivery Tue, Nov 22 Or fastest delivery Fri, Nov 18|",B00C8FVXQA,https://m.media-amazon.com/images/I/61JJf1z29IL._AC_UL320_.jpg
2786,https://www.amazon.com/Vanicream-Moisturizer-Hyaluronic-pH-Balanced-Dermatologist/dp/B08BW46XXK/ref=sr_1_49?crid=OBYVICK5JJBZ&keywords=moisturizer&qid=1668625974&sprefix=moisturizer%2Caps%2C93&sr=8-49,Vanicream Daily Facial Moisturizer - 3 fl oz - Formulated Without Common Irritants for Those with Sensitive Skin,3.01 Fl Oz (Pack of 1),4.6 out of 5 stars,"11,284",$13.99,FREE delivery on $25 shipped by Amazon.,B08BW46XXK,https://m.media-amazon.com/images/I/51VWboSvF6L._AC_UL320_.jpg
2787,https://www.amazon.com/EltaMD-Moisturizer-Hyaluronic-Fragrance-Free-Noncomedogenic/dp/B00C8FVY3M/ref=sr_1_50?crid=OBYVICK5JJBZ&keywords=moisturizer&qid=1668625974&sprefix=moisturizer%2Caps%2C93&sr=8-50,"EltaMD PM Therapy Facial Moisturizer Lotion, Lightweight Face Moisturizer for Women with Hyaluronic Acid, Hydrates and Moisturizes Skin, Oil Free, Fragrance Free, Safe for Sensitive Skin, 1.7 oz Pump",1.7 Ounce (Pack of 1),4.7 out of 5 stars,"4,851",$39.00,"FREE delivery Tue, Nov 22 Or fastest delivery Fri, Nov 18|",B00C8FVY3M,https://m.media-amazon.com/images/I/61sHXLg14VL._AC_UL320_.jpg
2788,https://www.amazon.com/l-f-Daily-Hydration-Moisturizer-Fluid/dp/B01D1DQSIA/ref=sr_1_51?crid=OBYVICK5JJBZ&keywords=moisturizer&qid=1668625974&sprefix=moisturizer%2Caps%2C93&sr=8-51,"e.l.f. SKIN Daily Hydration Moisturizer, Ultra-Hydrating Formula, Infused with Aloe, Jojoba Oil & Shea Butter, Vegan & Cruelty-Free, 2.53 Fl Oz",2.53 Fl Oz (Pack of 1),4.6 out of 5 stars,"5,330",$7.91,FREE delivery on $25 shipped by Amazon.,B01D1DQSIA,https://m.media-amazon.com/images/I/61cmVvToQ1L._AC_UL320_.jpg
2789,https://www.amazon.com/RoC-Anti-Aging-Anti-Wrinkle-Moisturizer-Hyaluronic/dp/B07H4JSG3B/ref=sr_1_52?crid=OBYVICK5JJBZ&keywords=moisturizer&qid=1668625974&sprefix=moisturizer%2Caps%2C93&sr=8-52,"RoC Retinol Correxion Max Hydration Anti-Aging Daily Face Moisturizer with Hyaluronic Acid, Fragrance-Free, Oil Free Skin Care, Stocking Stuffer, 1.7 Ounces (Packaging May Vary)",1.7 Ounce (Pack of 1),4.6 out of 5 stars,"2,164",$24.96,"FREE delivery Tue, Nov 22 on $25 of items shipped by AmazonOr fastest delivery Fri, Nov 18|",B07H4JSG3B,https://m.media-amazon.com/images/I/71AUerz80BL._AC_UL320_.jpg
2790,https://www.amazon.com/Glow-Recipe-Plump-Hyaluronic-Cream/dp/B09Q31NDJB/ref=sr_1_53?crid=OBYVICK5JJBZ&keywords=moisturizer&qid=1668625974&sprefix=moisturizer%2Caps%2C93&sr=8-53,Glow Recipe Plum Plump Hyaluronic Acid Face Cream - Dewy Glow Hydrating Face Moisturizer Plumps & Balances Skin - Vegan Whipped Gel Moisturizer with Polyglutamic Acid & Ice Willowherb (50ml),1.7 Fl Oz (Pack of 1),4.5 out of 5 stars,199,$39.00,"FREE delivery Tue, Nov 22 Or fastest delivery Fri, Nov 18|",B09Q31NDJB,https://m.media-amazon.com/images/I/61kW4cugbVL._AC_UL320_.jpg
2791,https://www.amazon.com/EltaMD-Moisturizer-Hyaluronic-Mineral-Based-Protection/dp/B00J5KDCO2/ref=sr_1_54?crid=OBYVICK5JJBZ&keywords=moisturizer&qid=1668625974&sprefix=moisturizer%2Caps%2C93&sr=8-54,"EltaMD UV Daily SPF 40 Tinted Sunscreen Moisturizer Face Lotion, Tinted Sunscreen with Hyaluronic Acid, Broad Spectrum Hydrating Sunscreen, Non Greasy, Sheer, Mineral-Based, 1.7 Ounce",1.7 Ounce (Pack of 1),4.7 out of 5 stars,"16,526",$34.50,"FREE delivery Tue, Nov 22 Or fastest delivery Fri, Nov 18|",B00J5KDCO2,https://m.media-amazon.com/images/I/61sCO9P-K0L._AC_UL320_.jpg
2792,https://www.amazon.com/Paulas-Choice-Moisturizer-Pore-Minimizing-Antioxidants/dp/B07HZWXGJ7/ref=sr_1_55?crid=OBYVICK5JJBZ&keywords=moisturizer&qid=1668625974&sprefix=moisturizer%2Caps%2C93&sr=8-55,"Paula's Choice CLEAR Oil-Free Moisturizer, Lightweight Face Moisturizer for Acne-Prone Skin, Pore-Minimizing Niacinamide, Soothing Antioxidants, Ceramides to Calm Redness",2 Fl Oz (Pack of 1),4.5 out of 5 stars,"1,151",$29.00,"FREE delivery Tue, Nov 22 Or fastest delivery Fri, Nov 18|",B07HZWXGJ7,https://m.media-amazon.com/images/I/61q4cBQxsOL._AC_UL320_.jpg
2793,https://www.amazon.com/Rovectin-Clean-Lotus-Water-2-03fl-oz/dp/B08C6YB69N/ref=sr_1_56?crid=OBYVICK5JJBZ&keywords=moisturizer&qid=1668625974&sprefix=moisturizer%2Caps%2C93&sr=8-56,"[Rovectin] Clean Lotus Water Cream- Gentle and Vegan Moisturizer For Skin Purifying (2.0fl.oz, 60ml)",2.03 Fl Oz (Pack of 1),4.6 out of 5 stars,"1,363",$12.70,"FREE delivery Tue, Nov 22 on $25 of items shipped by AmazonOr fastest delivery Sun, Nov 20|",B08C6YB69N,https://m.media-amazon.com/images/I/6146PWUqCAL._AC_UL320_.jpg
2794,https://www.amazon.com/RoC-Anti-Aging-Moisturizer-anti-wrinkle-Discoloration/dp/B00CWY8OC8/ref=sr_1_57?crid=OBYVICK5JJBZ&keywords=moisturizer&qid=1668625974&sprefix=moisturizer%2Caps%2C93&sr=8-57,"RoC Multi Correxion 5 in 1 Anti-Aging Daily Face Moisturizer with Broad Spectrum SPF 30 & Shea Butter, Skin Care Treatment for Women & Men, 1.7 Ounces (Packaging May Vary)",1.7 Fl Oz (Pack of 1),4.6 out of 5 stars,"11,981",$24.97,"FREE delivery Tue, Nov 22 on $25 of items shipped by AmazonOr fastest delivery Fri, Nov 18|",B00CWY8OC8,https://m.media-amazon.com/images/I/71F5LZgfgDL._AC_UL320_.jpg
2795,https://www.amazon.com/Neutrogena-Oil-Free-Moisture-Combination-Ounce/dp/B00027EGI8/ref=sr_1_58?crid=OBYVICK5JJBZ&keywords=moisturizer&qid=1668625974&sprefix=moisturizer%2Caps%2C93&sr=8-58,"Neutrogena Oil Free Moisture Glycerin Face Moisturizer & Neck Cream Derived from Castor Oil, Lightweight, Oil Absorbing, Soft Natural Matte Finish Facial Moisturizer Lotion, 4 fl. oz",3.99 Fl Oz (Pack of 1),4.6 out of 5 stars,"8,378",$14.15,"FREE delivery Tue, Nov 22 on $25 of items shipped by AmazonOr fastest delivery Mon, Nov 21|",B00027EGI8,https://m.media-amazon.com/images/I/61hz2bH6EvL._AC_UL320_.jpg
2796,https://www.amazon.com/Neutrogena-Moisturizer-Sunscreen-Corrector-Glycerin/dp/B00HNSSPHC/ref=sr_1_59?crid=OBYVICK5JJBZ&keywords=moisturizer&qid=1668625974&sprefix=moisturizer%2Caps%2C93&sr=8-59,"Neutrogena Triple Age Repair Anti-Aging Daily Facial Moisturizer with SPF 25 Sunscreen & Vitamin C, Firming Face & Neck Cream for Dark Spots with Glycerin & Shea Butter, 1.7 Ounce",1.7 Ounce (Pack of 1),4.5 out of 5 stars,"11,704",$19.47,"FREE delivery Tue, Nov 22 on $25 of items shipped by AmazonOr fastest delivery Fri, Nov 18|",B00HNSSPHC,https://m.media-amazon.com/images/I/715Xpllr6EL._AC_UL320_.jpg
2797,https://www.amazon.com/Lubriderm-Advanced-Therapy-Moisturizing-Vitamins/dp/B08G9K79FC/ref=sr_1_60?crid=OBYVICK5JJBZ&keywords=moisturizer&qid=1668625974&sprefix=moisturizer%2Caps%2C93&sr=8-60,"Lubriderm Advanced Therapy Fragrance-Free Moisturizing Lotion With Vitamins E And Pro-Vitamin B5, Intense Hydration For Extra Dry Skin, Non-Greasy Formula, 32 fl. oz",32 Fl Oz (Pack of 1),4.8 out of 5 stars,"8,429",$10.87,"FREE delivery Tue, Nov 22 on $25 of items shipped by AmazonOr fastest delivery Fri, Nov 18|",B08G9K79FC,https://m.media-amazon.com/images/I/71O8jNlZ91L._AC_UL320_.jpg
2798,https://aax-us-iad.amazon.com/x/c/RAgOG2WMVIyav2XrcvKPDcAAAAGEgdvGTAEAAAH2AQBOL0EgICAgICAgICAgICBOL0EgICAgICAgICAgICCRZiOc/https://www.amazon.com/dp/B07D7LT1Q1?pd_rd_i=B07D7LT1Q1&pf_rd_p=55defc4a-7c1e-47a7-8d1d-5cc458cca688&pf_rd_r=CCEMA74VNR0AF35M11EF&pd_rd_wg=gwTAA&pd_rd_w=v0j8s&pd_rd_r=d66b7adc-8569-4683-bdd8-42da5cd21030,"[BONAJOUR] Vegan Peptide Hyaluronic Acid Moisturizing Cream for oily skin & sensitive skin (Lightweight face moisturizer), Best Anti Aging & Wrinkle, Repair, Brightening Care Lotion 3.38 Fl. oz",Sponsored,4.6 out of 5 stars,133,$17.00,"FREE delivery Tue, Nov 22 on $25 of items shipped by AmazonOr fastest delivery Fri, Nov 18|",,
2805,https://www.amazon.com/sspa/click?ie=UTF8&spc=MTo3ODY4Mjk4MTA4ODQwNDczOjE2Njg2MjYwMjM6c3BfYXRmOjIwMDEwNjQyNTg4NjgzMTo6MDo6&url=%2FRevlon-Super-Lustrous-Lipstick-Afternoon%2Fdp%2FB002F3R44K%2Fref%3Dsr_1_1_sspa%3Fcrid%3D4UG7Y48S8HVE%26keywords%3Dlipstick%26qid%3D1668626023%26sprefix%3Dlipstick%252Caps%252C94%26sr%3D8-1-spons%26sp_csd%3Dd2lkZ2V0TmFtZT1zcF9hdGY%26psc%3D1,"Lipstick by Revlon, Super Lustrous Lipstick, High Impact Lipcolor with Moisturizing Creamy Formula, Infused with Vitamin E and Avocado Oil, 415 Pink in the Afternoon",Sponsored,4.4 out of 5 stars,"17,860",$5.00,FREE delivery Nov 21 - 25,B002F3R44K,https://m.media-amazon.com/images/I/614eWLAGnuL._AC_UL320_.jpg
2806,https://www.amazon.com/sspa/click?ie=UTF8&spc=MTo3ODY4Mjk4MTA4ODQwNDczOjE2Njg2MjYwMjM6c3BfYXRmOjIwMDA5MDY5NTA4MzYzMTo6MDo6&url=%2FREVLON-Lustrous-Luscious-Lipstick-Lipcolor%2Fdp%2FB08QZ7Y5CR%2Fref%3Dsr_1_2_sspa%3Fcrid%3D4UG7Y48S8HVE%26keywords%3Dlipstick%26qid%3D1668626023%26sprefix%3Dlipstick%252Caps%252C94%26sr%3D8-2-spons%26sp_csd%3Dd2lkZ2V0TmFtZT1zcF9hdGY%26psc%3D1,"Lipstick Set by Revlon, Super Lustrous 3 Piece Gift Set, High Impact, Matte Finish in Nude Pink & Berry, Pack of 3",Sponsored,4.4 out of 5 stars,"1,464",$14.82,"FREE delivery Tue, Nov 22 on $25 of items shipped by AmazonOr fastest delivery Sat, Nov 19|",B08QZ7Y5CR,https://m.media-amazon.com/images/I/91COnfYOMFL._AC_UL320_.jpg
2807,https://www.amazon.com/sspa/click?ie=UTF8&spc=MTo3ODY4Mjk4MTA4ODQwNDczOjE2Njg2MjYwMjM6c3BfYXRmOjIwMDA5MDY5NTQwMzYzMTo6MDo6&url=%2FRevlon-ColorStay-Overtime-Lipstick-Always%2Fdp%2FB001P2IIZG%2Fref%3Dsr_1_3_sspa%3Fcrid%3D4UG7Y48S8HVE%26keywords%3Dlipstick%26qid%3D1668626023%26sprefix%3Dlipstick%252Caps%252C94%26sr%3D8-3-spons%26sp_csd%3Dd2lkZ2V0TmFtZT1zcF9hdGY%26psc%3D1,"Liquid Lipstick with Clear Lip Gloss by Revlon, ColorStay Face Makeup, Overtime Lipcolor, Dual Ended with Vitamin E in Plum / Berry, Always Siena (380), 0.07 Oz",Sponsored,4.5 out of 5 stars,"22,978",$8.12,"FREE delivery Tue, Nov 22 on $25 of items shipped by AmazonOr fastest delivery Fri, Nov 18|",B001P2IIZG,https://m.media-amazon.com/images/I/51uN5-3ojCL._AC_UL320_.jpg
2808,https://www.amazon.com/sspa/click?ie=UTF8&spc=MTo3ODY4Mjk4MTA4ODQwNDczOjE2Njg2MjYwMjM6c3BfYXRmOjIwMDA5MDY5NTE0MzYzMTo6MDo6&url=%2FREVLON-Lustrous-Lipgloss-Non-sticky-Finishes%2Fdp%2FB08QYKPRFV%2Fref%3Dsr_1_4_sspa%3Fcrid%3D4UG7Y48S8HVE%26keywords%3Dlipstick%26qid%3D1668626023%26rdc%3D1%26sprefix%3Dlipstick%252Caps%252C94%26sr%3D8-4-spons%26sp_csd%3Dd2lkZ2V0TmFtZT1zcF9hdGY%26psc%3D1,"Lip Gloss Set by Revlon, Super Lustrous 5 Piece Gift Set, Non-Sticky, High Shine, Cream & Pearl Finishes, Pack of 5",Sponsored,4.5 out of 5 stars,"15,550",$22.49,"FREE delivery Tue, Nov 22 on $25 of items shipped by AmazonOr fastest delivery Fri, Nov 18|",B08QYKPRFV,https://m.media-amazon.com/images/I/91Om91FYoTL._AC_UL320_.jpg
2809,https://www.amazon.com/Lipstick-Plumper-Waterproof-Pigmented-Halloween/dp/B089FBPMC6/ref=sr_1_5?crid=4UG7Y48S8HVE&keywords=lipstick&qid=1668626023&sprefix=lipstick%2Caps%2C94&sr=8-5,"7Pcs Matte Liquid Lipstick + 1Pcs Lip Plumper Makeup Set Kit, Long Lasting Waterproof Velvet Lip Gloss Set, Pigmented Lip Makeup Gift Sets for Girls and Women",8 Piece Set,4.2 out of 5 stars,"19,853",$9.99,"FREE delivery Tue, Nov 22 on $25 of items shipped by AmazonOr fastest delivery Fri, Nov 18|",B089FBPMC6,https://m.media-amazon.com/images/I/718q8wNblDL._AC_UL320_.jpg
2810,https://www.amazon.com/Revlon-Lustrous-Lipstick-Vitamin-Avocado/dp/B07XTTDTWR/ref=sr_1_6?crid=4UG7Y48S8HVE&keywords=lipstick&qid=1668626023&sprefix=lipstick%2Caps%2C94&sr=8-6,"Lipstick by Revlon, Super Lustrous Lipstick, High Impact Lipcolor with Moisturizing Creamy Formula, Infused with Vitamin E and Avocado Oil, 755 Bare It All",0.14 Ounce (Pack of 1),4.4 out of 5 stars,"17,860",$5.96,"FREE delivery Tue, Nov 22 on $25 of items shipped by AmazonOr fastest delivery Fri, Nov 18|",B07XTTDTWR,https://m.media-amazon.com/images/I/71QkPsaFd+L._AC_UL320_.jpg
2811,https://www.amazon.com/wet-wild-Finish-Stick-Garnet/dp/B00YFQ1JH8/ref=sr_1_7?crid=4UG7Y48S8HVE&keywords=lipstick&qid=1668626023&sprefix=lipstick%2Caps%2C94&sr=8-7,"wet n wild Silk Finish Lip Stick, Just Garnet, 0.13 Ounce",0.13 Ounce (Pack of 1),4.2 out of 5 stars,"25,982",$0.98,"FREE delivery Tue, Nov 22 on $25 of items shipped by AmazonOr fastest delivery Fri, Nov 18|",B00YFQ1JH8,https://m.media-amazon.com/images/I/71SPbTPCaEL._AC_UL320_.jpg
2812,https://www.amazon.com/Revlon-Super-Lustrous-Lipstick-Afternoon/dp/B002F3R44K/ref=sxin_16_pa_sp_search_thematic_mod_primary_new?content-id=amzn1.sym.4e7a2229-074e-44de-95c4-9fd858f46295%3Aamzn1.sym.4e7a2229-074e-44de-95c4-9fd858f46295&crid=4UG7Y48S8HVE&cv_ct_cx=lipstick&keywords=lipstick&pd_rd_i=B002F3R44K&pd_rd_r=e11a2260-c238-4791-a1ee-98a94c110c82&pd_rd_w=JXa8s&pd_rd_wg=jBtKv&pf_rd_p=4e7a2229-074e-44de-95c4-9fd858f46295&pf_rd_r=M7WSN1Q5H6NVAXQP85YN&qid=1668626023&sbo=RZvfv%2F%2FHxDF%2BO5021pAnSA%3D%3D&sprefix=lipstick%2Caps%2C94&sr=1-1-a73d1c8c-2fd2-4f19-aa41-2df022bcb241,"Lipstick by Revlon, Super Lustrous Lipstick, High Impact Lipcolor with Moisturizing Creamy Formula, Infused with Vitamin E and Avocado Oil, 415 Pink in the Afternoon",0.14 Ounce (Pack of 1),4.4 out of 5 stars|4.4 out of 5 stars|4.5 out of 5 stars|4.2 out of 5 stars|4.3 out of 5 stars,"17,860|1,464|22,978|2,001|12,290",$5.00,,,https://m.media-amazon.com/images/I/614eWLAGnuL._AC_UL320_.jpg|https://m.media-amazon.com/images/I/91COnfYOMFL._AC_UL320_.jpg|https://m.media-amazon.com/images/I/51uN5-3ojCL._AC_UL320_.jpg|https://m.media-amazon.com/images/I/71-01zMSJqL._AC_UL320_.jpg|https://m.media-amazon.com/images/I/71FEqyT7UqL._AC_UL320_.jpg
2813,https://www.amazon.com/Revlon-Super-Lustrous-Lipstick-Afternoon/dp/B002F3R44K/ref=sxin_16_pa_sp_search_thematic_mod_primary_new?content-id=amzn1.sym.4e7a2229-074e-44de-95c4-9fd858f46295%3Aamzn1.sym.4e7a2229-074e-44de-95c4-9fd858f46295&crid=4UG7Y48S8HVE&cv_ct_cx=lipstick&keywords=lipstick&pd_rd_i=B002F3R44K&pd_rd_r=e11a2260-c238-4791-a1ee-98a94c110c82&pd_rd_w=JXa8s&pd_rd_wg=jBtKv&pf_rd_p=4e7a2229-074e-44de-95c4-9fd858f46295&pf_rd_r=M7WSN1Q5H6NVAXQP85YN&qid=1668626023&sbo=RZvfv%2F%2FHxDF%2BO5021pAnSA%3D%3D&sprefix=lipstick%2Caps%2C94&sr=1-1-a73d1c8c-2fd2-4f19-aa41-2df022bcb241,"Lipstick by Revlon, Super Lustrous Lipstick, High Impact Lipcolor with Moisturizing Creamy Formula, Infused with Vitamin E and Avocado Oil, 415 Pink in the Afternoon",0.14 Ounce (Pack of 1),4.4 out of 5 stars,"17,860",$5.00,,B002F3R44K,https://m.media-amazon.com/images/I/614eWLAGnuL._AC_UL320_.jpg
2814,https://www.amazon.com/sspa/click?ie=UTF8&spc=MTozNjM3Mzg1NjQyMzU5MjQ1OjE2Njg2MjYwMjM6c3Bfc2VhcmNoX3RoZW1hdGljOjIwMDA5MDY5NTA4MzYzMTo6MTo6&url=%2FREVLON-Lustrous-Luscious-Lipstick-Lipcolor%2Fdp%2FB08QZ7Y5CR%2Fref%3Dsxin_16_pa_sp_search_thematic_sspa%3Fcontent-id%3Damzn1.sym.4e7a2229-074e-44de-95c4-9fd858f46295%253Aamzn1.sym.4e7a2229-074e-44de-95c4-9fd858f46295%26crid%3D4UG7Y48S8HVE%26cv_ct_cx%3Dlipstick%26keywords%3Dlipstick%26pd_rd_i%3DB08QZ7Y5CR%26pd_rd_r%3De11a2260-c238-4791-a1ee-98a94c110c82%26pd_rd_w%3DJXa8s%26pd_rd_wg%3DjBtKv%26pf_rd_p%3D4e7a2229-074e-44de-95c4-9fd858f46295%26pf_rd_r%3DM7WSN1Q5H6NVAXQP85YN%26qid%3D1668626023%26sprefix%3Dlipstick%252Caps%252C94%26sr%3D1-2-a73d1c8c-2fd2-4f19-aa41-2df022bcb241-spons%26sp_csd%3Dd2lkZ2V0TmFtZT1zcF9zZWFyY2hfdGhlbWF0aWM%26psc%3D1,"Lipstick Set by Revlon, Super Lustrous 3 Piece Gift Set, High Impact, Matte Finish in Nude Pink & Berry, Pack of 3",2.4 Ounce (Pack of 3),4.4 out of 5 stars,"1,464",$14.82,,B08QZ7Y5CR,https://m.media-amazon.com/images/I/91COnfYOMFL._AC_UL320_.jpg
2815,https://www.amazon.com/sspa/click?ie=UTF8&spc=MTozNjM3Mzg1NjQyMzU5MjQ1OjE2Njg2MjYwMjM6c3Bfc2VhcmNoX3RoZW1hdGljOjIwMDA5MDY5NTQwMzYzMTo6Mjo6&url=%2FRevlon-ColorStay-Overtime-Lipstick-Always%2Fdp%2FB001P2IIZG%2Fref%3Dsxin_16_pa_sp_search_thematic_sspa%3Fcontent-id%3Damzn1.sym.4e7a2229-074e-44de-95c4-9fd858f46295%253Aamzn1.sym.4e7a2229-074e-44de-95c4-9fd858f46295%26crid%3D4UG7Y48S8HVE%26cv_ct_cx%3Dlipstick%26keywords%3Dlipstick%26pd_rd_i%3DB001P2IIZG%26pd_rd_r%3De11a2260-c238-4791-a1ee-98a94c110c82%26pd_rd_w%3DJXa8s%26pd_rd_wg%3DjBtKv%26pf_rd_p%3D4e7a2229-074e-44de-95c4-9fd858f46295%26pf_rd_r%3DM7WSN1Q5H6NVAXQP85YN%26qid%3D1668626023%26sprefix%3Dlipstick%252Caps%252C94%26sr%3D1-3-a73d1c8c-2fd2-4f19-aa41-2df022bcb241-spons%26sp_csd%3Dd2lkZ2V0TmFtZT1zcF9zZWFyY2hfdGhlbWF0aWM%26psc%3D1,"Liquid Lipstick with Clear Lip Gloss by Revlon, ColorStay Face Makeup, Overtime Lipcolor, Dual Ended with Vitamin E in Plum / Berry, Always Siena (380), 0.07 Oz",0.07 Fl Oz (Pack of 1),4.5 out of 5 stars,"22,978",$8.12,,B001P2IIZG,https://m.media-amazon.com/images/I/51uN5-3ojCL._AC_UL320_.jpg
2816,https://www.amazon.com/sspa/click?ie=UTF8&spc=MTozNjM3Mzg1NjQyMzU5MjQ1OjE2Njg2MjYwMjM6c3Bfc2VhcmNoX3RoZW1hdGljOjIwMDAzODAxNTAwMjI5ODo6Mzo6&url=%2FLOreal-Paris-Hydrating-Lipstick-pomegranate%2Fdp%2FB09HLBJFX1%2Fref%3Dsxin_16_pa_sp_search_thematic_sspa%3Fcontent-id%3Damzn1.sym.4e7a2229-074e-44de-95c4-9fd858f46295%253Aamzn1.sym.4e7a2229-074e-44de-95c4-9fd858f46295%26crid%3D4UG7Y48S8HVE%26cv_ct_cx%3Dlipstick%26keywords%3Dlipstick%26pd_rd_i%3DB09HLBJFX1%26pd_rd_r%3De11a2260-c238-4791-a1ee-98a94c110c82%26pd_rd_w%3DJXa8s%26pd_rd_wg%3DjBtKv%26pf_rd_p%3D4e7a2229-074e-44de-95c4-9fd858f46295%26pf_rd_r%3DM7WSN1Q5H6NVAXQP85YN%26qid%3D1668626023%26sprefix%3Dlipstick%252Caps%252C94%26sr%3D1-4-a73d1c8c-2fd2-4f19-aa41-2df022bcb241-spons%26sp_csd%3Dd2lkZ2V0TmFtZT1zcF9zZWFyY2hfdGhlbWF0aWM%26psc%3D1,"L'Oreal Paris Glow Paradise Hydrating Balm-in-Lipstick with Pomegranate Extract, Mulberry Bliss",0.1 Ounce (Pack of 1),4.2 out of 5 stars,"2,001",$7.97,,B09HLBJFX1,https://m.media-amazon.com/images/I/71-01zMSJqL._AC_UL320_.jpg
2817,https://www.amazon.com/sspa/click?ie=UTF8&spc=MTozNjM3Mzg1NjQyMzU5MjQ1OjE2Njg2MjYwMjM6c3Bfc2VhcmNoX3RoZW1hdGljOjIwMDA0NzA5OTUxMzU5ODo6NDo6&url=%2FMaybelline-Longwear-No-Budge-Lipcolor-Pigmented%2Fdp%2FB09QH8148N%2Fref%3Dsxin_16_pa_sp_search_thematic_sspa%3Fcontent-id%3Damzn1.sym.4e7a2229-074e-44de-95c4-9fd858f46295%253Aamzn1.sym.4e7a2229-074e-44de-95c4-9fd858f46295%26crid%3D4UG7Y48S8HVE%26cv_ct_cx%3Dlipstick%26keywords%3Dlipstick%26pd_rd_i%3DB09QH8148N%26pd_rd_r%3De11a2260-c238-4791-a1ee-98a94c110c82%26pd_rd_w%3DJXa8s%26pd_rd_wg%3DjBtKv%26pf_rd_p%3D4e7a2229-074e-44de-95c4-9fd858f46295%26pf_rd_r%3DM7WSN1Q5H6NVAXQP85YN%26qid%3D1668626023%26sprefix%3Dlipstick%252Caps%252C94%26sr%3D1-5-a73d1c8c-2fd2-4f19-aa41-2df022bcb241-spons%26sp_csd%3Dd2lkZ2V0TmFtZT1zcF9zZWFyY2hfdGhlbWF0aWM%26psc%3D1,"Maybelline Super Stay Vinyl Ink Longwear No-Budge Liquid Lipcolor, Highly Pigmented Color and Instant Shine, Cheeky, Rose Nude Lipstick, 0.14 fl oz, 1 Count",1 Fl Oz (Pack of 1),4.3 out of 5 stars,"12,290",$9.98,,B09QH8148N,https://m.media-amazon.com/images/I/71FEqyT7UqL._AC_UL320_.jpg
2819,https://www.amazon.com/Maybelline-Longwear-No-Budge-Lipcolor-Pigmented/dp/B09QH8148N/ref=sr_1_8?crid=4UG7Y48S8HVE&keywords=lipstick&qid=1668626023&sprefix=lipstick%2Caps%2C94&sr=8-8,"Maybelline Super Stay Vinyl Ink Longwear No-Budge Liquid Lipcolor, Highly Pigmented Color and Instant Shine, Cheeky, Rose Nude Lipstick, 0.14 fl oz, 1 Count",1 Fl Oz (Pack of 1),4.3 out of 5 stars,"12,290",$9.98,"FREE delivery Tue, Nov 22 on $25 of items shipped by AmazonOr fastest delivery Fri, Nov 18|",B09QH8148N,https://m.media-amazon.com/images/I/71FEqyT7UqL._AC_UL320_.jpg
2820,https://www.amazon.com/Almay-Vibes-Yourself-cream-lipstick/dp/B07H43ZYGK/ref=sr_1_9?crid=4UG7Y48S8HVE&keywords=lipstick&qid=1668626023&rdc=1&sprefix=lipstick%2Caps%2C94&sr=8-9,"Lipstick with Vitamin E Oil & Shea Butter by Almay, Matte Cream Finish, Hypoallergenic, Love Yourself, 0.14 Oz",0.14 Ounce (Pack of 1),4.4 out of 5 stars,"5,203",$3.38,"FREE delivery Tue, Nov 22 on $25 of items shipped by AmazonOr fastest delivery Fri, Nov 18|",B07H43ZYGK,https://m.media-amazon.com/images/I/71hwLNJvXgL._AC_UL320_.jpg
2821,https://www.amazon.com/Maybelline-New-York-Sensational-Lipstick/dp/B002LFLPQA/ref=sr_1_10?crid=4UG7Y48S8HVE&keywords=lipstick&qid=1668626023&sprefix=lipstick%2Caps%2C94&sr=8-10,"Maybelline Color Sensational Lipstick, Lip Makeup, Cream Finish, Hydrating Lipstick, Born With It, Nude Pink 0.15 oz",0.15 Ounce (Pack of 1),4.4 out of 5 stars,"54,337",$5.48,"FREE delivery Tue, Nov 22 on $25 of items shipped by AmazonOr fastest delivery Fri, Nov 18|",B002LFLPQA,https://m.media-amazon.com/images/I/71fWO5LXECL._AC_UL320_.jpg
2822,https://www.amazon.com/NYX-PROFESSIONAL-MAKEUP-Lingerie-Lipstick/dp/B08WBKC94P/ref=sr_1_11?crid=4UG7Y48S8HVE&keywords=lipstick&qid=1668626023&sprefix=lipstick%2Caps%2C94&sr=8-11,NYX PROFESSIONAL MAKEUP Lip Lingerie XXL Matte Liquid Lipstick - Unhooked (Grey Toned Beige),1 Count (Pack of 1),4.3 out of 5 stars,"5,942",$4.00,"FREE delivery Tue, Nov 22 on $25 of items shipped by AmazonOr fastest delivery Fri, Nov 18|",B08WBKC94P,https://m.media-amazon.com/images/I/711nzs6XnRL._AC_UL320_.jpg
2823,https://www.amazon.com/Maybelline-New-York-Sensational-Lipstick/dp/B01LX3WKGF/ref=sr_1_12?crid=4UG7Y48S8HVE&keywords=lipstick&qid=1668626023&sprefix=lipstick%2Caps%2C94&sr=8-12,"Maybelline Color Sensational Lipstick, Lip Makeup, Matte Finish, Hydrating Lipstick, Nude, Pink, Red, Plum Lip Color, Almond Rose, 0.15 oz; (Packaging May Vary)",0.15 Ounce (Pack of 1),4.4 out of 5 stars,"54,337",$5.48,"FREE delivery Tue, Nov 22 on $25 of items shipped by AmazonOr fastest delivery Fri, Nov 18|",B01LX3WKGF,https://m.media-amazon.com/images/I/71k2nJScHTL._AC_UL320_.jpg
2824,https://www.amazon.com/NYX-PROFESSIONAL-MAKEUP-Shout-Lipstick/dp/B0861N2NCM/ref=sr_1_13?crid=4UG7Y48S8HVE&keywords=lipstick&qid=1668626023&sprefix=lipstick%2Caps%2C94&sr=8-13,"NYX PROFESSIONAL MAKEUP Shout Loud Satin Lipstick, Infused With Shea Butter - Opinionated (Warm Burgundy)",1 Count (Pack of 1),4.3 out of 5 stars,"2,236",$7.99,"FREE delivery Tue, Nov 22 on $25 of items shipped by AmazonOr fastest delivery Fri, Nov 18|",B0861N2NCM,https://m.media-amazon.com/images/I/61XH7o+yITL._AC_UL320_.jpg
2825,https://aax-us-iad.amazon.com/x/c/RLIwV6Gn_FtYVv9tlkJONhMAAAGEgdyDuwEAAAH2AQBOL0EgICAgICAgICAgICBOL0EgICAgICAgICAgICBbAyuK/https://www.amazon.com/dp/B08H4FSGDX?pd_rd_i=B08H4FSGDX&pf_rd_p=b000e0a0-9e93-480f-bf78-a83c8136dfcb&pf_rd_r=M7WSN1Q5H6NVAXQP85YN&pd_rd_wg=jBtKv&pd_rd_w=PCszl&pd_rd_r=e11a2260-c238-4791-a1ee-98a94c110c82,"Maybelline New York Super Stay Matte Ink Liquid Lipstick, Long Lasting High Impact Color, Up to 16H Wear, Exhilarator, Ruby Red, 0.17 fl.oz",Sponsored,4.3 out of 5 stars,"81,574",$7.98,"FREE delivery Tue, Nov 22 on $25 of items shipped by AmazonOr fastest delivery Fri, Nov 18|",,
2826,https://www.amazon.com/sspa/click?ie=UTF8&spc=MTo3MTM3NzgxNzQ3MzU5MDYyOjE2Njg2MjYwMjM6c3Bfc2VhcmNoX3RoZW1hdGljOjo6MDpCMDg1SkNWQ1BQOnNlYXJjaA&url=%2FLOreal-Paris-Hydrating-Ingredients-Moisturized%2Fdp%2FB085JCVCPP%2Fref%3Dsxin_25_pa_sp_search_thematic-asin_sspa%3Fcontent-id%3Damzn1.sym.4228d1d7-b9a2-4dcc-9504-1ef42bcf486a%253Aamzn1.sym.4228d1d7-b9a2-4dcc-9504-1ef42bcf486a%26crid%3D4UG7Y48S8HVE%26cv_ct_cx%3Dlipstick%26keywords%3Dlipstick%26pd_rd_i%3DB085JCVCPP%26pd_rd_r%3De11a2260-c238-4791-a1ee-98a94c110c82%26pd_rd_w%3DX20O9%26pd_rd_wg%3DjBtKv%26pf_rd_p%3D4228d1d7-b9a2-4dcc-9504-1ef42bcf486a%26pf_rd_r%3DM7WSN1Q5H6NVAXQP85YN%26qid%3D1668626023%26sprefix%3Dlipstick%252Caps%252C94%26sr%3D1-1-4a643ae4-6005-4b15-bc31-2c5125e2b25b-spons%26sp_csd%3Dd2lkZ2V0TmFtZT1zcF9zZWFyY2hfdGhlbWF0aWM%26psc%3D1,L'Oreal Paris Colour Riche Original Satin Lipstick 127 Paris NY,1 Count (Pack of 1),4.5 out of 5 stars|4.4 out of 5 stars|4.7 out of 5 stars|4.6 out of 5 stars|4.2 out of 5 stars|4.4 out of 5 stars|4.4 out of 5 stars|4.4 out of 5 stars,"27,721|12,093|8,321|484|6,381|6,002|5,882|5,864",$6.47,"Climate Pledge Friendly|Climate Pledge Friendly|Climate Pledge Friendly|<img alt="""" src=""https://m.media-amazon.com/images/I/216-OX9rBaL._SS200_.png"" height=""50px"" width=""50px""/>  Climate Pledge Friendly|<img alt="""" src=""https://m.media-amazon.com/images/I/216-OX9rBaL._SS200_.png"" height=""50px"" width=""50px""/>  Climate Pledge Friendly|<img alt="""" src=""https://m.media-amazon.com/images/I/41Y2L-DZWfL._SS200_.png"" height=""50px"" width=""50px""/> Compact by Design (Certified by Amazon)|Climate Pledge Friendly  Small Business|Climate Pledge Friendly|Climate Pledge Friendly|Small Business|Small Business|<img alt="""" src=""https://m.media-amazon.com/images/I/216-OX9rBaL._SS200_.png"" height=""50px"" width=""50px""/>  Climate Pledge Friendly|<img alt="""" src=""https://m.media-amazon.com/images/I/216-OX9rBaL._SS200_.png"" height=""50px"" width=""50px""/>  Climate Pledge Friendly|<img alt="""" src=""https://m.media-amazon.com/images/I/41Y2L-DZWfL._SS200_.png"" height=""50px"" width=""50px""/> Compact by Design (Certified by Amazon)|<img alt="""" src=""https://m.media-amazon.com/images/I/111mHoVK0kL._SS200_.png"" height=""50px"" width=""50px""/>  Small Business|<img alt="""" src=""https://m.media-amazon.com/images/I/111mHoVK0kL._SS200_.png"" height=""50px"" width=""50px""/>  Small Business|Climate Pledge Friendly|Climate Pledge Friendly|Climate Pledge Friendly|<img alt="""" src=""https://m.media-amazon.com/images/I/216-OX9rBaL._SS200_.png"" height=""50px"" width=""50px""/>  Climate Pledge Friendly|<img alt="""" src=""https://m.media-amazon.com/images/I/216-OX9rBaL._SS200_.png"" height=""50px"" width=""50px""/>  Climate Pledge Friendly|<img alt="""" src=""https://m.media-amazon.com/images/I/41Y2L-DZWfL._SS200_.png"" height=""50px"" width=""50px""/> Compact by Design (Certified by Amazon)|Climate Pledge Friendly|Climate Pledge Friendly|Climate Pledge Friendly|<img alt="""" src=""https://m.media-amazon.com/images/I/216-OX9rBaL._SS200_.png"" height=""50px"" width=""50px""/>  Climate Pledge Friendly|<img alt="""" src=""https://m.media-amazon.com/images/I/216-OX9rBaL._SS200_.png"" height=""50px"" width=""50px""/>  Climate Pledge Friendly|<img alt="""" src=""https://m.media-amazon.com/images/I/41Y2L-DZWfL._SS200_.png"" height=""50px"" width=""50px""/> Compact by Design (Certified by Amazon)|Climate Pledge Friendly|Climate Pledge Friendly|Climate Pledge Friendly|<img alt="""" src=""https://m.media-amazon.com/images/I/216-OX9rBaL._SS200_.png"" height=""50px"" width=""50px""/>  Climate Pledge Friendly|<img alt="""" src=""https://m.media-amazon.com/images/I/216-OX9rBaL._SS200_.png"" height=""50px"" width=""50px""/>  Climate Pledge Friendly|<img alt="""" src=""https://m.media-amazon.com/images/I/41Y2L-DZWfL._SS200_.png"" height=""50px"" width=""50px""/> Compact by Design (Certified by Amazon)|Climate Pledge Friendly|Climate Pledge Friendly|Climate Pledge Friendly|<img alt="""" src=""https://m.media-amazon.com/images/I/216-OX9rBaL._SS200_.png"" height=""50px"" width=""50px""/>  Climate Pledge Friendly|<img alt="""" src=""https://m.media-amazon.com/images/I/216-OX9rBaL._SS200_.png"" height=""50px"" width=""50px""/>  Climate Pledge Friendly|<img alt="""" src=""https://m.media-amazon.com/images/I/31OPjlesFNL._SS200_.png"" height=""50px"" width=""50px""/> EWG Verified|Climate Pledge Friendly|Climate Pledge Friendly|Climate Pledge Friendly|<img alt="""" src=""https://m.media-amazon.com/images/I/216-OX9rBaL._SS200_.png"" height=""50px"" width=""50px""/>  Climate Pledge Friendly|<img alt="""" src=""https://m.media-amazon.com/images/I/216-OX9rBaL._SS200_.png"" height=""50px"" width=""50px""/>  Climate Pledge Friendly|<img alt="""" src=""https://m.media-amazon.com/images/I/41Y2L-DZWfL._SS200_.png"" height=""50px"" width=""50px""/> Compact by Design (Certified by Amazon)|Climate Pledge Friendly|Climate Pledge Friendly|Climate Pledge Friendly|<img alt="""" src=""https://m.media-amazon.com/images/I/216-OX9rBaL._SS200_.png"" height=""50px"" width=""50px""/>  Climate Pledge Friendly|<img alt="""" src=""https://m.media-amazon.com/images/I/216-OX9rBaL._SS200_.png"" height=""50px"" width=""50px""/>  Climate Pledge Friendly|<img alt="""" src=""https://m.media-amazon.com/images/I/51Xs1-s-2hL._SS200_.jpg"" height=""50px"" width=""50px""/> Natrue",,https://m.media-amazon.com/images/I/51BWvFACHWL._AC_UL320_.jpg|https://m.media-amazon.com/images/I/216-OX9rBaL._SS200_.png|||https://m.media-amazon.com/images/I/61ILVPTbfkL._AC_UL320_.jpg|https://m.media-amazon.com/images/I/216-OX9rBaL._SS200_.png|https://m.media-amazon.com/images/I/111mHoVK0kL._SS200_.png||||https://m.media-amazon.com/images/I/61r0-4lx1uL._AC_UL320_.jpg|https://m.media-amazon.com/images/I/216-OX9rBaL._SS200_.png|||https://m.media-amazon.com/images/I/61ZS6J7AP-L._AC_UL320_.jpg|https://m.media-amazon.com/images/I/216-OX9rBaL._SS200_.png|||https://m.media-amazon.com/images/I/81PsX+250pL._AC_UL320_.jpg|https://m.media-amazon.com/images/I/216-OX9rBaL._SS200_.png|||https://m.media-amazon.com/images/I/51RnhSqvjUL._AC_UL320_.jpg|https://m.media-amazon.com/images/I/216-OX9rBaL._SS200_.png|||https://m.media-amazon.com/images/I/61vGeJjpQ+L._AC_UL320_.jpg|https://m.media-amazon.com/images/I/216-OX9rBaL._SS200_.png|||https://m.media-amazon.com/images/I/514neJOK0EL._AC_UL320_.jpg|https://m.media-amazon.com/images/I/216-OX9rBaL._SS200_.png||
2828,https://www.amazon.com/Capsule-Lipstick-Lasting-labiales-originales/dp/B09VG7GK9S/ref=sr_1_14?crid=4UG7Y48S8HVE&keywords=lipstick&qid=1668626023&sprefix=lipstick%2Caps%2C94&sr=8-14,"18Pcs Capsule Pills Lipstick Mini Matte Lipstick Sets for Women Long Lasting labiales mate 24 horas originales,DNM Nude Red Permanent Stay on Matte Lipstick 24 Hours and Lip Liner Set Pack Makeup Kit",18 Count (Pack of 1),4.0 out of 5 stars,838,$9.99,"FREE delivery Tue, Nov 22 on $25 of items shipped by AmazonOr fastest delivery Fri, Nov 18|",B09VG7GK9S,https://m.media-amazon.com/images/I/61ru+G2pXAL._AC_UL320_.jpg
2829,https://www.amazon.com/Paris-Original-Hydrating-Lipstick-Toasted/dp/B004BJ71L2/ref=sr_1_15?crid=4UG7Y48S8HVE&keywords=lipstick&qid=1668626023&sprefix=lipstick%2Caps%2C94&sr=8-15,"L'Oreal Paris Makeup Colour Riche Original Creamy, Hydrating Satin Lipstick, 843 Toasted Almond, 1 Count",1 Count (Pack of 1),4.5 out of 5 stars,"27,721",$5.89,"FREE delivery Tue, Nov 22 on $25 of items shipped by AmazonOr fastest delivery Fri, Nov 18|",B004BJ71L2,https://m.media-amazon.com/images/I/51P6oWnv-gL._AC_UL320_.jpg
2830,https://www.amazon.com/LOr%C3%A9al-Paris-Makeup-Colour-Lipstick/dp/B074PW3VZP/ref=sr_1_16?crid=4UG7Y48S8HVE&keywords=lipstick&qid=1668626023&sprefix=lipstick%2Caps%2C94&sr=8-16,"L'Oreal Paris Colour Riche Shine Lipstick, Sparkling Rose 0.1 oz",1 Count (Pack of 1),4.3 out of 5 stars,"5,549",$3.99,"FREE delivery Tue, Nov 22 on $25 of items shipped by AmazonOr fastest delivery Fri, Nov 18|",B074PW3VZP,https://m.media-amazon.com/images/I/81xYVRH9-eL._AC_UL320_.jpg
2831,https://www.amazon.com/sspa/click?ie=UTF8&spc=MTo3ODY4Mjk4MTA4ODQwNDczOjE2Njg2MjYwMjM6c3BfbXRmOjIwMDA0NzA5OTUxMzU5ODo6MDo6&url=%2FMaybelline-Longwear-No-Budge-Lipcolor-Pigmented%2Fdp%2FB09QH8148N%2Fref%3Dsr_1_17_sspa%3Fcrid%3D4UG7Y48S8HVE%26keywords%3Dlipstick%26qid%3D1668626023%26sprefix%3Dlipstick%252Caps%252C94%26sr%3D8-17-spons%26sp_csd%3Dd2lkZ2V0TmFtZT1zcF9tdGY%26psc%3D1,"Maybelline Super Stay Vinyl Ink Longwear No-Budge Liquid Lipcolor, Highly Pigmented Color and Instant Shine, Cheeky, Rose Nude Lipstick, 0.14 fl oz, 1 Count",Sponsored,4.3 out of 5 stars,"12,290",$9.98,"FREE delivery Tue, Nov 22 on $25 of items shipped by AmazonOr fastest delivery Fri, Nov 18|",B09QH8148N,https://m.media-amazon.com/images/I/71FEqyT7UqL._AC_UL320_.jpg
2832,https://www.amazon.com/sspa/click?ie=UTF8&spc=MTo3ODY4Mjk4MTA4ODQwNDczOjE2Njg2MjYwMjM6c3BfbXRmOjIwMDAzODAxNTAwMTQ5ODo6MDo6&url=%2FLOreal-Paris-Hydrating-pomegranate-Exaltation%2Fdp%2FB09HL9M9F6%2Fref%3Dsr_1_18_sspa%3Fcrid%3D4UG7Y48S8HVE%26keywords%3Dlipstick%26qid%3D1668626023%26sprefix%3Dlipstick%252Caps%252C94%26sr%3D8-18-spons%26sp_csd%3Dd2lkZ2V0TmFtZT1zcF9tdGY%26psc%3D1,"L'Oreal Paris Glow Paradise Hydrating Balm-in-Lipstick with Pomegranate Extract, Pastel Exaltation",Sponsored,4.2 out of 5 stars,"2,001",$7.97,FREE delivery on $25 shipped by Amazon.,B09HL9M9F6,https://m.media-amazon.com/images/I/71YTXYDztPL._AC_UL320_.jpg
2833,https://www.amazon.com/sspa/click?ie=UTF8&spc=MTo3ODY4Mjk4MTA4ODQwNDczOjE2Njg2MjYwMjM6c3BfbXRmOjIwMDA1MzEwMjQ2NjI5ODo6MDo6&url=%2FCapsule-Lipstick-Lasting-labiales-originales%2Fdp%2FB09VG7GK9S%2Fref%3Dsr_1_19_sspa%3Fcrid%3D4UG7Y48S8HVE%26keywords%3Dlipstick%26qid%3D1668626023%26sprefix%3Dlipstick%252Caps%252C94%26sr%3D8-19-spons%26sp_csd%3Dd2lkZ2V0TmFtZT1zcF9tdGY%26psc%3D1,"18Pcs Capsule Pills Lipstick Mini Matte Lipstick Sets for Women Long Lasting labiales mate 24 horas originales,DNM Nude Red Permanent Stay on Matte Lipstick 24 Hours and Lip Liner Set Pack Makeup Kit",Sponsored,4.0 out of 5 stars,838,$9.99,"FREE delivery Tue, Nov 22 on $25 of items shipped by AmazonOr fastest delivery Fri, Nov 18|",B09VG7GK9S,https://m.media-amazon.com/images/I/61ru+G2pXAL._AC_UL320_.jpg
2834,https://www.amazon.com/sspa/click?ie=UTF8&spc=MTo3ODY4Mjk4MTA4ODQwNDczOjE2Njg2MjYwMjM6c3BfbXRmOjIwMDA5NTg2NDM3MjA5ODo6MDo6&url=%2FCherries-Changing-Lipstick-Strawberry-Moisturizer%2Fdp%2FB09ZVL21LQ%2Fref%3Dsr_1_20_sspa%3Fcrid%3D4UG7Y48S8HVE%26keywords%3Dlipstick%26qid%3D1668626023%26sprefix%3Dlipstick%252Caps%252C94%26sr%3D8-20-spons%26sp_csd%3Dd2lkZ2V0TmFtZT1zcF9tdGY%26psc%3D1,"3 Pcs Red Cherries Color Changing Lipstick,Aloe Vera Strawberry Long Lasting Lip Care Moisturizer Lip Balm Korean Magic Color Change Lip Gloss Lip Tint Stain Matte Makeup Jelly Crystal Lipstick Set for Women",Sponsored,4.0 out of 5 stars,"1,998",$9.99,"FREE delivery Tue, Nov 22 on $25 of items shipped by AmazonOr fastest delivery Fri, Nov 18|",B09ZVL21LQ,https://m.media-amazon.com/images/I/614i3zEJ5nL._AC_UL320_.jpg
2835,https://www.amazon.com/Paris-Original-Hydrating-Lipstick-Silverstone/dp/B004BCVFL6/ref=sr_1_21?crid=4UG7Y48S8HVE&keywords=lipstick&qid=1668626023&sprefix=lipstick%2Caps%2C94&sr=8-21,"L'Oreal Paris Makeup Colour Riche Original Creamy, Hydrating Satin Lipstick, 760 Silverstone, 1 Count",1 Count (Pack of 1),4.5 out of 5 stars,"27,721",$6.97,"FREE delivery Tue, Nov 22 on $25 of items shipped by AmazonOr fastest delivery Fri, Nov 18|",B004BCVFL6,https://m.media-amazon.com/images/I/511EeeK1FQL._AC_UL320_.jpg
2836,https://www.amazon.com/Maybelline-SuperStay-Liquid-Lipstick-Voyager/dp/B06XDZ1N9F/ref=sr_1_22?crid=4UG7Y48S8HVE&keywords=lipstick&qid=1668626023&sprefix=lipstick%2Caps%2C94&sr=8-22,"Maybelline New York Super Stay Matte Ink Liquid Lipstick, Long Lasting High Impact Color, Up to 16H Wear, Voyager, Deep Red, 0.17 fl.oz",0.17 Fl Oz (Pack of 1),4.3 out of 5 stars,"81,574",$7.98,"FREE delivery Tue, Nov 22 on $25 of items shipped by AmazonOr fastest delivery Fri, Nov 18|",B06XDZ1N9F,https://m.media-amazon.com/images/I/41ye44q5HAL._AC_UL320_.jpg
2837,https://www.amazon.com/LOr%C3%A9al-Paris-Makeup-Colour-Lipstick/dp/B074PQ146F/ref=sr_1_23?crid=4UG7Y48S8HVE&keywords=lipstick&qid=1668626023&sprefix=lipstick%2Caps%2C94&sr=8-23,"L'Oreal Paris Makeup Colour Riche Shine Lipstick, Glassy Garnet, 0.1 oz.",1 Count (Pack of 1),4.3 out of 5 stars,"5,549",$4.46,"FREE delivery Tue, Nov 22 on $25 of items shipped by AmazonOr fastest delivery Fri, Nov 18|",B074PQ146F,https://m.media-amazon.com/images/I/81ECodHJugL._AC_UL320_.jpg
2838,https://www.amazon.com/Clinique-Colour-Primer-Lipstick-Travel/dp/B07T3RFDJ5/ref=sr_1_24?crid=4UG7Y48S8HVE&keywords=lipstick&qid=1668626023&sprefix=lipstick%2Caps%2C94&sr=8-24,"Clinique Pop Lip Colour + Primer Lipstick, 0.08 oz. Travel Size •• (Bare Pop 02)",0.08 Ounce (Pack of 1),4.6 out of 5 stars,780,$5.35,"FREE delivery Nov 21 - 23 Or fastest delivery Mon, Nov 21",B07T3RFDJ5,https://m.media-amazon.com/images/I/71JpwWUM78L._AC_UL320_.jpg
2839,https://www.amazon.com/Liquid-Lipstick-Long-Lasting-Non-Stick-Waterproof/dp/B083QNQQP9/ref=sr_1_25?crid=4UG7Y48S8HVE&keywords=lipstick&qid=1668626023&sprefix=lipstick%2Caps%2C94&sr=8-25,"6Pcs Matte Liquid Lipstick Makeup Set, Matte liquid Long-Lasting Wear Non-Stick Cup Not Fade Waterproof Lip Gloss (Set A)",6 Piece Set,3.9 out of 5 stars,"31,507",$9.98,"FREE delivery Tue, Nov 22 on $25 of items shipped by AmazonOr fastest delivery Fri, Nov 18|",B083QNQQP9,https://m.media-amazon.com/images/I/61YVyDv6rbL._AC_UL320_.jpg
2840,https://www.amazon.com/REVLON-Lustrous-Lipstick-Multi-finish-Lipcolor/dp/B08QYF6698/ref=sr_1_26?crid=4UG7Y48S8HVE&keywords=lipstick&qid=1668626023&rdc=1&sprefix=lipstick%2Caps%2C94&sr=8-26,"Lipstick Set by Revlon, Super Lustrous 5 Piece Gift Set, Multi-Finish, Cream Pearl & Matte, Pack of 5",0.15 Ounce (Pack of 5),4.4 out of 5 stars,"1,464",$22.21,"FREE delivery Tue, Nov 22 on $25 of items shipped by AmazonOr fastest delivery Fri, Nov 18|",B08QYF6698,https://m.media-amazon.com/images/I/81l--fbgybL._AC_UL320_.jpg
2841,https://www.amazon.com/Cigarette-Lipstick-Moisturizing-Waterproof-Lipsticks/dp/B08LYD6R9R/ref=sr_1_27?crid=4UG7Y48S8HVE&keywords=lipstick&qid=1668626023&sprefix=lipstick%2Caps%2C94&sr=8-27,"Mini Small Little Smoke Tube Cigarette Lipstick Pink Lip Gloss Stick 4 Packs Matte Sets for women, DNM Pink Nude Changing Change Balm for Glitter Lip Gloss Lipstick waterproof long lasting 24 case 03",0.22 Ounce (Pack of 1),3.5 out of 5 stars,783,$6.98,"FREE delivery Tue, Nov 22 on $25 of items shipped by AmazonOr fastest delivery Sat, Nov 19|",B08LYD6R9R,https://m.media-amazon.com/images/I/61E3Lez-D6L._AC_UL320_.jpg
2842,https://www.amazon.com/Maybelline-New-York-Sensational-Lipstick/dp/B00YJJWKHE/ref=sr_1_28?crid=4UG7Y48S8HVE&keywords=lipstick&qid=1668626023&sprefix=lipstick%2Caps%2C94&sr=8-28,"Maybelline Color Sensational Lipstick, Lip Makeup, Matte Finish, Hydrating Lipstick, Nude, Pink, Red, Plum Lip Color, Clay Crush, 0.15 oz; (Packaging May Vary)",1 Count (Pack of 1),4.4 out of 5 stars,"14,154",$4.69,"FREE delivery Tue, Nov 22 on $25 of items shipped by AmazonOr fastest delivery Fri, Nov 18|",B00YJJWKHE,https://m.media-amazon.com/images/I/51ioq9WPaVL._AC_UL320_.jpg
2843,https://www.amazon.com/wild-Mega-High-Shine-Color-Pinky/dp/B082YQ4QWW/ref=sr_1_29?crid=4UG7Y48S8HVE&keywords=lipstick&qid=1668626023&sprefix=lipstick%2Caps%2C94&sr=8-29,"Lipstick By Wet n Wild Mega Last High-Shine Lipstick Lip Color Makeup, Bright Pink Pinky Ring",0.11 Ounce (Pack of 1),4.0 out of 5 stars,"17,654",$1.98,"FREE delivery Tue, Nov 22 on $25 of items shipped by AmazonOr fastest delivery Sat, Nov 19|",B082YQ4QWW,https://m.media-amazon.com/images/I/71xzRVmNIsL._AC_UL320_.jpg
2844,https://www.amazon.com/Capsule-Lipstick-Lipsticks-Labiales-Duracion/dp/B09VH7SW2P/ref=sr_1_30?crid=4UG7Y48S8HVE&keywords=lipstick&qid=1668626023&sprefix=lipstick%2Caps%2C94&sr=8-30,"18Pcs Mini Capsule Makeup Lipstick Pills Set, Long Lasting Matte Lipstick Lip Stain Set Lápiz Labial Rojo Women Red Matte Lipsticks Cute Lip Stick Purse Set Labiales Matte Larga Duracion 24",18 Count (Pack of 1),4.3 out of 5 stars,145,$9.99,"FREE delivery Tue, Nov 22 on $25 of items shipped by AmazonOr fastest delivery Fri, Nov 18|",B09VH7SW2P,https://m.media-amazon.com/images/I/61XOT7LKk9L._AC_UL320_.jpg
2845,https://www.amazon.com/wild-Mega-High-Shine-Color-Fire-Fighting/dp/B082YQ521J/ref=sr_1_31?crid=4UG7Y48S8HVE&keywords=lipstick&qid=1668626023&sprefix=lipstick%2Caps%2C94&sr=8-31,"Lipstick By Wet n Wild Mega Last High-Shine Lipstick Lip Color Makeup, Brick Red Fire-Fighting",0.11 Ounce (Pack of 1),4.0 out of 5 stars,"17,654",$2.18,"FREE delivery Tue, Nov 22 on $25 of items shipped by AmazonOr fastest delivery Fri, Nov 18|",B082YQ521J,https://m.media-amazon.com/images/I/71e8JFrazkL._AC_UL320_.jpg
2846,https://www.amazon.com/Revlon-Lustrous-Luscious-Lipstick-Thoughts/dp/B07XLMVKYX/ref=sr_1_32?crid=4UG7Y48S8HVE&keywords=lipstick&qid=1668626023&sprefix=lipstick%2Caps%2C94&sr=8-32,"REVLON Super Lustrous The Luscious Mattes Lipstick, in Mauve, 004 Wild Thoughts, 0.74 oz",0.74 Ounce (Pack of 1),4.2 out of 5 stars,"6,381",$4.97,"FREE delivery Tue, Nov 22 on $25 of items shipped by AmazonOr fastest delivery Fri, Nov 18|",B07XLMVKYX,https://m.media-amazon.com/images/I/61o8wv55dEL._AC_UL320_.jpg
2847,https://www.amazon.com/sspa/click?ie=UTF8&spc=MTo3ODY4Mjk4MTA4ODQwNDczOjE2Njg2MjYwMjM6c3BfbXRmOjIwMDA5Njg2NzQzNzM5ODo6MDo6&url=%2FStrawberry-Cherry-Changing-Lipstick-Crystal%2Fdp%2FB09ZV192QV%2Fref%3Dsr_1_33_sspa%3Fcrid%3D4UG7Y48S8HVE%26keywords%3Dlipstick%26qid%3D1668626023%26sprefix%3Dlipstick%252Caps%252C94%26sr%3D8-33-spons%26sp_csd%3Dd2lkZ2V0TmFtZT1zcF9tdGY%26psc%3D1,"3Pcs Aloe Vera Strawberry Red Cherry Lip Color Changing Lipstick Lip Balm Set, Green Magic PH Lipstick Color Change Changing Crystal Flower Jelly Lipstick Tinted Lip Balm Gloss Makeup Set for Women 1",Sponsored,4.0 out of 5 stars,"1,316",$9.98,"FREE delivery Tue, Nov 22 on $25 of items shipped by AmazonOr fastest delivery Fri, Nov 18|",B09ZV192QV,https://m.media-amazon.com/images/I/61YDzP050hL._AC_UL320_.jpg
2848,https://www.amazon.com/sspa/click?ie=UTF8&spc=MTo3ODY4Mjk4MTA4ODQwNDczOjE2Njg2MjYwMjM6c3BfbXRmOjIwMDA2NjAxMDAzMzc5ODo6MDo6&url=%2FFAEYLI-Long-Lasting-Non-Stick-Waterproof-Flipstick%2Fdp%2FB09ZSS6KBC%2Fref%3Dsr_1_34_sspa%3Fcrid%3D4UG7Y48S8HVE%26keywords%3Dlipstick%26qid%3D1668626023%26sprefix%3Dlipstick%252Caps%252C94%26sr%3D8-34-spons%26sp_csd%3Dd2lkZ2V0TmFtZT1zcF9tdGY%26psc%3D1,"FAEYLI MAKEUP 24Pcs Matte Liquid Lipstick Makeup Set for women, Matte liquid Long-Lasting Wear Non-Stick Cup Not Fade Waterproof Lip Gloss (Flipstick 24Pcs Set)",Sponsored,4.0 out of 5 stars,91,$29.98,"FREE delivery Tue, Nov 22 Or fastest delivery Fri, Nov 18|",B09ZSS6KBC,https://m.media-amazon.com/images/I/71+x5AuHTpL._AC_UL320_.jpg
2849,https://www.amazon.com/sspa/click?ie=UTF8&spc=MTo3ODY4Mjk4MTA4ODQwNDczOjE2Njg2MjYwMjM6c3BfbXRmOjIwMDAzODAxNTAwMjc5ODo6MDo6&url=%2FLOreal-Paris-saturated-lipsticks-Prosperous%2Fdp%2FB09KWZC8VS%2Fref%3Dsr_1_35_sspa%3Fcrid%3D4UG7Y48S8HVE%26keywords%3Dlipstick%26qid%3D1668626023%26sprefix%3Dlipstick%252Caps%252C94%26sr%3D8-35-spons%26sp_csd%3Dd2lkZ2V0TmFtZT1zcF9tdGY%26psc%3D1,"L'Oreal Paris Colour Riche Lipstick with Argan Oil and Vitamin E, Reds of Worth, Prosperous Red",Sponsored,4.5 out of 5 stars,710,$6.97,"FREE delivery Tue, Nov 22 on $25 of items shipped by AmazonOr fastest delivery Fri, Nov 18|",B09KWZC8VS,https://m.media-amazon.com/images/I/61AH4p+o4WL._AC_UL320_.jpg
2850,https://www.amazon.com/sspa/click?ie=UTF8&spc=MTo3ODY4Mjk4MTA4ODQwNDczOjE2Njg2MjYwMjM6c3BfbXRmOjIwMDA1OTY2MDM1NDMyMTo6MDo6&url=%2Flipstick-Lipstick-Waterproof-Lipgloss-Cosmetics%2Fdp%2FB08SWHKGMF%2Fref%3Dsr_1_36_sspa%3Fcrid%3D4UG7Y48S8HVE%26keywords%3Dlipstick%26qid%3D1668626023%26sprefix%3Dlipstick%252Caps%252C94%26sr%3D8-36-spons%26sp_csd%3Dd2lkZ2V0TmFtZT1zcF9tdGY%26psc%3D1,"CmaaDu 6Pcs Lipstick Matte Liquid Lipstick Lipgloss Set for Women labiales mate 24 horas originales matte larga duracion 24,Deep Red Original 24 Hour Matte Lipstick Lip Stain Long Lasting Waterproof",Sponsored,4.0 out of 5 stars,"7,287",$5.99,"FREE delivery Tue, Nov 22 on $25 of items shipped by AmazonOr fastest delivery Fri, Nov 18|",B08SWHKGMF,https://m.media-amazon.com/images/I/61VRFHm+OBL._AC_UL320_.jpg
2851,https://www.amazon.com/lipstick-Lipstick-Waterproof-Lipgloss-Cosmetics/dp/B08SWHKGMF/ref=sr_1_37?crid=4UG7Y48S8HVE&keywords=lipstick&qid=1668626023&sprefix=lipstick%2Caps%2C94&sr=8-37,"CmaaDu 6Pcs Lipstick Matte Liquid Lipstick Lipgloss Set for Women labiales mate 24 horas originales matte larga duracion 24,Deep Red Original 24 Hour Matte Lipstick Lip Stain Long Lasting Waterproof",0.48 Fl Oz (Pack of 1),4.0 out of 5 stars,"7,287",$5.99,"FREE delivery Tue, Nov 22 on $25 of items shipped by AmazonOr fastest delivery Fri, Nov 18|",B08SWHKGMF,https://m.media-amazon.com/images/I/61VRFHm+OBL._AC_UL320_.jpg
2852,https://www.amazon.com/Lipstick-Metallic-Lipgloss-Waterproof-evpct/dp/B08GYZYNM8/ref=sr_1_38?crid=4UG7Y48S8HVE&keywords=lipstick&qid=1668626023&sprefix=lipstick%2Caps%2C94&sr=8-38,"evpct 6Pcs Matte to Glitter Liquid Lipstick Long Lasting Lip Set Kit,6 Color Diamond Shiny Dark Red Pink Purple Glitter Sparkly Glossy Metallic Shimmer Sparkle Waterproof Lipstick Lip Gloss for Women",6 Count (Pack of 1),3.6 out of 5 stars,"2,813",$9.98,"FREE delivery Tue, Nov 22 on $25 of items shipped by AmazonOr fastest delivery Fri, Nov 18|",B08GYZYNM8,https://m.media-amazon.com/images/I/71XI5Y12qOL._AC_UL320_.jpg
2853,https://www.amazon.com/Lipstick-Plumper-Velvety-Pigmented-Waterproof/dp/B089FJBN4Z/ref=sr_1_39?crid=4UG7Y48S8HVE&keywords=lipstick&qid=1668626023&sprefix=lipstick%2Caps%2C94&sr=8-39,8pcs Matte Liquid Lipstick with Lip Plumper Makeup Set Velvety Long Lasting High Pigmented Nude Waterproof Lip Gloss Kit Girls Women Make Up Gift Set,9 Piece Set,4.2 out of 5 stars,"6,580",$7.99,"FREE delivery Tue, Nov 22 on $25 of items shipped by AmazonOr fastest delivery Fri, Nov 18|",B089FJBN4Z,https://m.media-amazon.com/images/I/71ygrvi2NWL._AC_UL320_.jpg
2854,https://www.amazon.com/Lipstick-Velvety-Lipsticks-Matching-Waterproof/dp/B09MVHDQRG/ref=sr_1_40?crid=4UG7Y48S8HVE&keywords=lipstick&qid=1668626023&sprefix=lipstick%2Caps%2C94&sr=8-40,"12pcs Lip Liner and Lipstick Makeup Set, 6 Velvety Matte Liquid Lipsticks + 6 Matching Smooth Lip Liner One Step Lips Makeup Kits Waterproof Long Lasting Matte Lipstick Gift Set",12 Count (Pack of 1),3.9 out of 5 stars,921,$12.88,"FREE delivery Tue, Nov 22 on $25 of items shipped by AmazonOr fastest delivery Fri, Nov 18|",B09MVHDQRG,https://m.media-amazon.com/images/I/71gE70qTukL._AC_UL320_.jpg
2855,https://www.amazon.com/Maybelline-Longwear-No-Budge-Lipcolor-Pigmented/dp/B09T8DQ1SG/ref=sr_1_41?crid=4UG7Y48S8HVE&keywords=lipstick&qid=1668626023&sprefix=lipstick%2Caps%2C94&sr=8-41,"Maybelline Super Stay Vinyl Ink Longwear No-Budge Liquid Lipcolor, Highly Pigmented Color and Instant Shine, Royal, Deep Wine Red Lipstick, 0.14 fl oz, 1 Count",1 Fl Oz (Pack of 1),4.3 out of 5 stars,"12,290",$9.98,"FREE delivery Tue, Nov 22 on $25 of items shipped by AmazonOr fastest delivery Fri, Nov 18|",B09T8DQ1SG,https://m.media-amazon.com/images/I/71a31X0j81L._AC_UL320_.jpg
2856,https://www.amazon.com/Finish-Lipstick-Black-Orchid-535D/dp/B00YFPYLQU/ref=sr_1_42?crid=4UG7Y48S8HVE&keywords=lipstick&qid=1668626023&sprefix=lipstick%2Caps%2C94&sr=8-42,"Wet n Wild Silk Finish Lipstick, Hydrating Lip Color, Rich Buildable Color, Black Orchid Red",0.13 Ounce (Pack of 1),4.2 out of 5 stars,"25,982",$1.29,"FREE delivery Tue, Nov 22 on $25 of items shipped by AmazonOr fastest delivery Fri, Nov 18|",B00YFPYLQU,https://m.media-amazon.com/images/I/617coxXSjsL._AC_UL320_.jpg
2857,https://www.amazon.com/Revlon-ColorStay-Overtime-Lipstick-Always/dp/B001P2IIZG/ref=sr_1_43?crid=4UG7Y48S8HVE&keywords=lipstick&qid=1668626023&sprefix=lipstick%2Caps%2C94&sr=8-43,"Liquid Lipstick with Clear Lip Gloss by Revlon, ColorStay Face Makeup, Overtime Lipcolor, Dual Ended with Vitamin E in Plum / Berry, Always Siena (380), 0.07 Oz",0.07 Fl Oz (Pack of 1),4.5 out of 5 stars,"22,978",$8.12,"FREE delivery Tue, Nov 22 on $25 of items shipped by AmazonOr fastest delivery Fri, Nov 18|",B001P2IIZG,https://m.media-amazon.com/images/I/51uN5-3ojCL._AC_UL320_.jpg
2858,https://www.amazon.com/Peripera-Longwear-Weightless-Gluten-Free-Paraben-Free/dp/B09J14XLCY/ref=sr_1_44?crid=4UG7Y48S8HVE&keywords=lipstick&qid=1668626023&sprefix=lipstick%2Caps%2C94&sr=8-44,"Peripera Ink the Velvet Lip Tint | High Pigment Color, Longwear, Weightless, Not Animal Tested, Gluten-Free, Paraben-Free | #022 BOUQUET NUDE, 0.14 fl oz",0.14 Fl Oz (Pack of 1),4.0 out of 5 stars,"24,095",$9.90,"FREE delivery Tue, Nov 22 on $25 of items shipped by AmazonOr fastest delivery Fri, Nov 18|",B09J14XLCY,https://m.media-amazon.com/images/I/51eiMT81o8L._AC_UL320_.jpg
2859,https://www.amazon.com/Revlon-Lustrous-Lipstick-Everything-Finish/dp/B01LPRTONU/ref=sr_1_45?crid=4UG7Y48S8HVE&keywords=lipstick&qid=1668626023&sprefix=lipstick%2Caps%2C94&sr=8-45,"Revlon Super Lustrous Lipstick, High Impact Lipcolor with Moisturizing Creamy Formula, Infused with Vitamin E and Avocado Oil in Plum / Berry Pearl, Wine with Everything (520)",1 Count (Pack of 1),4.6 out of 5 stars,"3,314",$5.78,"FREE delivery Tue, Nov 22 on $25 of items shipped by AmazonOr fastest delivery Fri, Nov 18|",B01LPRTONU,https://m.media-amazon.com/images/I/711Qn2+48lL._AC_UL320_.jpg
2860,https://www.amazon.com/Revlon-Lustrous-Lipstick-Moisturizing-Quartz/dp/B07XVVXTW2/ref=sr_1_46_mod_primary_new?crid=4UG7Y48S8HVE&keywords=lipstick&qid=1668626023&sbo=RZvfv%2F%2FHxDF%2BO5021pAnSA%3D%3D&sprefix=lipstick%2Caps%2C94&sr=8-46,"Lipstick by Revlon, Super Lustrous Glass Shine Lipstick, High Shine Lipcolor with Moisturizing Creamy Formula, Infused with Hyaluronic Acid, Aloe and Rose Quartz, 008 Rum Raisin, 0.15 Oz",0.15 Ounce (Pack of 1),4.5 out of 5 stars,"7,115|Another way to buy|$6.75$6.75 $9.99$9.99|$6.75$6.75 $9.99$9.99|FREE delivery on $25 shipped by Amazon.",$5.99,FREE delivery Nov 21 - 25 Or fastest delivery Nov 18 - 22|FREE delivery on $25 shipped by Amazon.,B07XVVXTW2,https://m.media-amazon.com/images/I/51UJOl7FlDL._AC_UL320_.jpg
2861,https://www.amazon.com/LAURA-GELLER-NEW-YORK-Lightweight/dp/B08MJ5BR7D/ref=sr_1_47?crid=4UG7Y48S8HVE&keywords=lipstick&qid=1668626023&sprefix=lipstick%2Caps%2C94&sr=8-47,"LAURA GELLER NEW YORK Italian Marble Sheer Hydrating Lightweight Lipstick With Vitamin E & Castor Seed Oil, Berry Vanilla",1 Count (Pack of 1),4.0 out of 5 stars,"1,037",$18.00,"FREE delivery Tue, Nov 22 on $25 of items shipped by AmazonOr fastest delivery Fri, Nov 18||Small Business|Small Business|Small Business|<img alt="""" src=""https://m.media-amazon.com/images/I/111mHoVK0kL._SS200_.png"" height=""50px"" width=""50px""/>  Small Business|<img alt="""" src=""https://m.media-amazon.com/images/I/111mHoVK0kL._SS200_.png"" height=""50px"" width=""50px""/>  Small Business",B08MJ5BR7D,https://m.media-amazon.com/images/I/61zJM315oRL._AC_UL320_.jpg|https://m.media-amazon.com/images/I/111mHoVK0kL._SS200_.png|
2862,https://www.amazon.com/Maybelline-Longwear-No-Budge-Lipcolor-Pigmented/dp/B09QH981L7/ref=sr_1_48?crid=4UG7Y48S8HVE&keywords=lipstick&qid=1668626023&sprefix=lipstick%2Caps%2C94&sr=8-48,"Maybelline Super Stay Vinyl Ink Longwear No-Budge Liquid Lipcolor, Highly Pigmented Color and Instant Shine, Coy, Rose Mauve Nude Lipstick, 0.14 fl oz, 1 Count",0.14 Fl Oz (Pack of 1),4.3 out of 5 stars,"12,290",$9.74,"FREE delivery Tue, Nov 22 on $25 of items shipped by AmazonOr fastest delivery Fri, Nov 18|",B09QH981L7,https://m.media-amazon.com/images/I/71xDL0ZHXVL._AC_UL320_.jpg
2863,https://www.amazon.com/Lipstick-Moisture-Longwear-Ultimate-Collection/dp/B0B8S5GCJ9/ref=sr_1_49?crid=4UG7Y48S8HVE&keywords=lipstick&qid=1668626023&sprefix=lipstick%2Caps%2C94&sr=8-49,"3 Colors Smooth Matte Lipstick Pack Set, Moisture Longwear Color Stick Ultimate Lip Crayon for Makeup Collection - Nourishing Lipstick with a Matte Finish Waterproof Velvet Lipgloss Lip Stain",3 Count (Pack of 1),3.8 out of 5 stars,75,$8.99,"FREE delivery Tue, Nov 22 on $25 of items shipped by AmazonOr fastest delivery Fri, Nov 18|",B0B8S5GCJ9,https://m.media-amazon.com/images/I/61a4Sp9SS3L._AC_UL320_.jpg
2864,https://www.amazon.com/Wet-Wild-Lipstick-Hydrating-Buildable/dp/B00YFPV1TA/ref=sr_1_50?crid=4UG7Y48S8HVE&keywords=lipstick&qid=1668626023&sprefix=lipstick%2Caps%2C94&sr=8-50,wet n wild Silk Finish Lipstick| Hydrating Lip Color| Rich Buildable Color| Breeze Nude,0.13 Ounce (Pack of 1),4.2 out of 5 stars,"25,982",$0.98,"FREE delivery Tue, Nov 22 on $25 of items shipped by AmazonOr fastest delivery Fri, Nov 18|",B00YFPV1TA,https://m.media-amazon.com/images/I/71KlZ6X4GHL._AC_UL320_.jpg
2865,https://www.amazon.com/LOreal-Paris-Cosmetics-Pigmented-Lipstick/dp/B07C8XRGLH/ref=sr_1_51?crid=4UG7Y48S8HVE&keywords=lipstick&qid=1668626023&sprefix=lipstick%2Caps%2C94&sr=8-51,"L'Oreal Paris Cosmetics Colour Riche Ultra Matte Highly Pigmented Nude Lipstick, Cutting Edge Cork, 0.13 Ounce",1 Count (Pack of 1),4.5 out of 5 stars,"3,241",$4.95,"FREE delivery Tue, Nov 22 on $25 of items shipped by AmazonOr fastest delivery Sun, Nov 20|",B07C8XRGLH,https://m.media-amazon.com/images/I/71+PZz1yqwL._AC_UL320_.jpg
2866,https://www.amazon.com/wild-Mega-High-Shine-Color-Mauve/dp/B082YQ2978/ref=sr_1_52?crid=4UG7Y48S8HVE&keywords=lipstick&qid=1668626023&sprefix=lipstick%2Caps%2C94&sr=8-52,"Lipstick By Wet n Wild Mega Last High-Shine Lipstick Lip Color Makeup, Pink Mad for Mauve",0.11 Ounce (Pack of 1),4.0 out of 5 stars,"17,654",$2.18,"FREE delivery Tue, Nov 22 on $25 of items shipped by AmazonOr fastest delivery Fri, Nov 18|",B082YQ2978,https://m.media-amazon.com/images/I/71G0N4jjJcL._AC_UL320_.jpg
2867,https://www.amazon.com/Covergirl-Outlast-Moisturizing-Neutrals-Collection/dp/B08Q1L93C3/ref=sr_1_53?crid=4UG7Y48S8HVE&keywords=lipstick&qid=1668626023&sprefix=lipstick%2Caps%2C94&sr=8-53,"Covergirl Outlast All-Day Lip Color with Moisturizing Topcoat, New Neutrals Shade Collection, Good Mauve, Pack of 1",0.06 Ounce (Pack of 1),4.5 out of 5 stars,"2,890",$8.62,"FREE delivery Tue, Nov 22 on $25 of items shipped by AmazonOr fastest delivery Fri, Nov 18|",B08Q1L93C3,https://m.media-amazon.com/images/I/71G5LORye7L._AC_UL320_.jpg
2868,https://www.amazon.com/Strawberry-Cherry-Changing-Lipstick-Crystal/dp/B09ZV192QV/ref=sr_1_54?crid=4UG7Y48S8HVE&keywords=lipstick&qid=1668626023&sprefix=lipstick%2Caps%2C94&sr=8-54,"3Pcs Aloe Vera Strawberry Red Cherry Lip Color Changing Lipstick Lip Balm Set, Green Magic PH Lipstick Color Change Changing Crystal Flower Jelly Lipstick Tinted Lip Balm Gloss Makeup Set for Women 1",3 Count (Pack of 1),4.0 out of 5 stars,"1,316",$9.98,"FREE delivery Tue, Nov 22 on $25 of items shipped by AmazonOr fastest delivery Fri, Nov 18|",B09ZV192QV,https://m.media-amazon.com/images/I/61YDzP050hL._AC_UL320_.jpg
2869,https://www.amazon.com/Megalast-Liquid-Catsuit-Lipstick-Mocha/dp/B01N5G2TYO/ref=sr_1_55?crid=4UG7Y48S8HVE&keywords=lipstick&qid=1668626023&sprefix=lipstick%2Caps%2C94&sr=8-55,"wet n wild Megalast Liquid Catsuit Lipstick, Give Me Mocha, 6 Gram",1 Count (Pack of 1),4.4 out of 5 stars,"8,934",$3.18,"FREE delivery Tue, Nov 22 on $25 of items shipped by AmazonOr fastest delivery Fri, Nov 18|",B01N5G2TYO,https://m.media-amazon.com/images/I/61BY++piv2L._AC_UL320_.jpg
2870,https://www.amazon.com/KIMIEYE-Lipstick-Waterproof-Non-Stick-Professional/dp/B09FM3V16C/ref=sr_1_56?crid=4UG7Y48S8HVE&keywords=lipstick&qid=1668626023&sprefix=lipstick%2Caps%2C94&sr=8-56,"KIMIEYE 12Pcs Velvet Matte Liquid Lipstick Set, Waterproof Long Lasting Non-Stick Cup Not Fade Nude Lip Gloss Set, UP TO 24 HOURS, Professional Lip Makeup Gift Kit for Women",12 Count (Pack of 1),4.2 out of 5 stars,"1,268",$12.88,"FREE delivery Tue, Nov 22 on $25 of items shipped by AmazonOr fastest delivery Fri, Nov 18|",B09FM3V16C,https://m.media-amazon.com/images/I/71TwXHmZaLL._AC_UL320_.jpg
2871,https://www.amazon.com/WET-WILD-Silk-Finish-Lipstick/dp/B079KFP7NT/ref=sr_1_57?crid=4UG7Y48S8HVE&keywords=lipstick&qid=1668626023&sprefix=lipstick%2Caps%2C94&sr=8-57,wet n wild Silk Finish Lipstick| Hydrating Lip Color| Rich Buildable Color| Raging Red,0.13 Ounce,4.2 out of 5 stars,"25,982",$0.99,"FREE delivery Tue, Nov 22 on $25 of items shipped by AmazonOr fastest delivery Fri, Nov 18|",B079KFP7NT,https://m.media-amazon.com/images/I/71sdLM9WoPL._AC_UL320_.jpg
2872,https://www.amazon.com/LOreal-Paris-Hydrating-Lipstick-pomegranate/dp/B09HLCJBPP/ref=sr_1_58?crid=4UG7Y48S8HVE&keywords=lipstick&qid=1668626023&sprefix=lipstick%2Caps%2C94&sr=8-58,"L'Oreal Paris Glow Paradise Hydrating Balm-in-Lipstick with Pomegranate Extract, Nude Heaven",0.1 Ounce (Pack of 1),4.2 out of 5 stars,"2,001",$7.69,"FREE delivery Tue, Nov 22 on $25 of items shipped by AmazonOr fastest delivery Fri, Nov 18|",B09HLCJBPP,https://m.media-amazon.com/images/I/71WohjNxRlL._AC_UL320_.jpg
2873,https://www.amazon.com/Lipliners-Long-Lasting-Non-Stick-Waterproof-Pigmented/dp/B098KTCG6T/ref=sr_1_59?crid=4UG7Y48S8HVE&keywords=lipstick&qid=1668626023&sprefix=lipstick%2Caps%2C94&sr=8-59,6 Matte Lipstick with 6 Lipliners Durable Lip Gloss Long-Lasting Non-Stick Cup Not Fade Waterproof High Pigmented Velvet Lipgloss Kit Beauty Cosmetics Makeup Gift for Girls(12PCS),12 Piece Set,4.0 out of 5 stars,"1,698",$9.92,"FREE delivery Tue, Nov 22 on $25 of items shipped by AmazonOr fastest delivery Fri, Nov 18|",B098KTCG6T,https://m.media-amazon.com/images/I/71t-e9kCEOL._AC_UL320_.jpg
2874,https://www.amazon.com/REVLON-Lustrous-Lipstick-Multi-finish-Lipcolor/dp/B08QYJCFGB/ref=sr_1_60?crid=4UG7Y48S8HVE&keywords=lipstick&qid=1668626023&sprefix=lipstick%2Caps%2C94&sr=8-60,"Lipstick Set by Revlon, Super Lustrous 3 Piece Gift Set, High Impact, Multi-Finish in Cream, Pearl & Matte, Pack of 3",0.15 Ounce (Pack of 3),4.4 out of 5 stars,"1,464",$14.91,"FREE delivery Tue, Nov 22 on $25 of items shipped by AmazonOr fastest delivery Fri, Nov 18|",B08QYJCFGB,https://m.media-amazon.com/images/I/819NIf8TiqL._AC_UL320_.jpg
2875,https://aax-us-iad.amazon.com/x/c/RMsBk3ozZALzKQVqNFUFGUIAAAGEgdyDxgEAAAH2AQBOL0EgICAgICAgICAgICBOL0EgICAgICAgICAgICARJLUc/https://www.amazon.com/dp/B09T7WVRN9?pd_rd_i=B09T7WVRN9&pf_rd_p=55defc4a-7c1e-47a7-8d1d-5cc458cca688&pf_rd_r=M7WSN1Q5H6NVAXQP85YN&pd_rd_wg=z6ls8&pd_rd_w=EKt3Y&pd_rd_r=c9bd80b8-ac28-4a59-8a9d-d4ba3a4265be,"Maybelline Super Stay Vinyl Ink Longwear No-Budge Liquid Lipcolor, Highly Pigmented Color and Instant Shine, Lippy, Cranberry Red Lipstick, 0.14 fl oz, 1 Count",Sponsored,4.3 out of 5 stars,"12,290",$9.98,"FREE delivery Tue, Nov 22 on $25 of items shipped by AmazonOr fastest delivery Fri, Nov 18|",,
2882,https://www.amazon.com/sspa/click?ie=UTF8&spc=MTozMDA2MjE5NTA0OTYwMDg2OjE2Njg2MjYwNTE6c3BfYXRmOjIwMDA5NDk4NzQ5MDg5ODo6MDo6&url=%2FPalladio-Retractable-Liner-Pencil-Plum%2Fdp%2FB000E9FXZE%2Fref%3Dsr_1_1_sspa%3Fcrid%3D1I3GRQ5VHAC4S%26keywords%3Dlipliner%26qid%3D1668626051%26sprefix%3Dlipliner%252Caps%252C87%26sr%3D8-1-spons%26sp_csd%3Dd2lkZ2V0TmFtZT1zcF9hdGY%26psc%3D1,"Palladio, Retractable Waterproof Lip Liner High Pigmented and Creamy Color Slim Twist Up Smudge Proof Formula with Long Lasting All Day Wear No Sharpener Required, Plum, 1 Count",Sponsored,4.3 out of 5 stars,"3,105",$7.99,"FREE delivery Tue, Nov 22 on $25 of items shipped by AmazonOr fastest delivery Fri, Nov 18||Small Business|Small Business|Small Business|<img alt="""" src=""https://m.media-amazon.com/images/I/111mHoVK0kL._SS200_.png"" height=""50px"" width=""50px""/>  Small Business|<img alt="""" src=""https://m.media-amazon.com/images/I/111mHoVK0kL._SS200_.png"" height=""50px"" width=""50px""/>  Small Business",B000E9FXZE,https://m.media-amazon.com/images/I/41s2KxNFphL._AC_UL320_.jpg|https://m.media-amazon.com/images/I/111mHoVK0kL._SS200_.png|
2883,https://www.amazon.com/NYX-PROFESSIONAL-MAKEUP-Peekaboo-Neutral/dp/B07B16HMSM/ref=sr_1_2?crid=1I3GRQ5VHAC4S&keywords=lipliner&qid=1668626051&sprefix=lipliner%2Caps%2C87&sr=8-2,"NYX PROFESSIONAL MAKEUP Slim Lip Pencil, Long-Lasting Creamy Lip Liner - Peakaboo Neutral",1 Count (Pack of 1),4.5 out of 5 stars,"29,896",$4.96,"FREE delivery Tue, Nov 22 on $25 of items shipped by AmazonOr fastest delivery Sat, Nov 19|",B07B16HMSM,https://m.media-amazon.com/images/I/61ZUY6wTdZL._AC_UL320_.jpg
2884,https://www.amazon.com/Revlon-ColorStay-Lip-Liner-Plum/dp/B000TTHUDW/ref=sr_1_3?crid=1I3GRQ5VHAC4S&keywords=lipliner&qid=1668626051&sprefix=lipliner%2Caps%2C87&sr=8-3,"Lip Liner by Revlon, Colorstay Face Makeup with Built-in-Sharpener, Longwear Rich Lip Colors, Smooth Application, 665 Plum",1 Count (Pack of 1),4.4 out of 5 stars,"10,009",$2.01,"FREE delivery Tue, Nov 22 on $25 of items shipped by AmazonOr fastest delivery Sat, Nov 19|",B000TTHUDW,https://m.media-amazon.com/images/I/61QiwCGKhHL._AC_UL320_.jpg
2885,https://www.amazon.com/NYX-Mechanical-Pencil-Nude-Pink/dp/B005G9LPDQ/ref=sr_1_4?crid=1I3GRQ5VHAC4S&keywords=lipliner&qid=1668626051&sprefix=lipliner%2Caps%2C87&sr=8-4,"NYX Mechanical Lip Pencil, Nude Pink",0.01 Ounce (Pack of 1),4.5 out of 5 stars,"8,363",$4.19,"FREE delivery Tue, Nov 22 on $25 of items shipped by AmazonOr fastest delivery Fri, Nov 18|",B005G9LPDQ,https://m.media-amazon.com/images/I/51LMtJYTxTL._AC_UL320_.jpg
2886,https://www.amazon.com/sspa/click?ie=UTF8&spc=MTo3OTc4ODI1MjE3OTYxNDc2OjE2Njg2MjYwNTE6c3Bfc2VhcmNoX3RoZW1hdGljOjIwMDA5NTAyOTc1NTE5ODo6MDo6&url=%2FPalladio-Retractable-Liner-Pencil-Plum%2Fdp%2FB000E9FXZE%2Fref%3Dsxin_16_pa_sp_search_thematic_sspa%3Fcontent-id%3Damzn1.sym.4e7a2229-074e-44de-95c4-9fd858f46295%253Aamzn1.sym.4e7a2229-074e-44de-95c4-9fd858f46295%26crid%3D1I3GRQ5VHAC4S%26cv_ct_cx%3Dlipliner%26keywords%3Dlipliner%26pd_rd_i%3DB000E9FXZE%26pd_rd_r%3D2277deb4-ae83-4705-807d-3c06635dfd66%26pd_rd_w%3DwbPl6%26pd_rd_wg%3Dj8XFZ%26pf_rd_p%3D4e7a2229-074e-44de-95c4-9fd858f46295%26pf_rd_r%3D0ZR5TF8BNPBXEQAX3W9R%26qid%3D1668626051%26sprefix%3Dlipliner%252Caps%252C87%26sr%3D1-1-a73d1c8c-2fd2-4f19-aa41-2df022bcb241-spons%26sp_csd%3Dd2lkZ2V0TmFtZT1zcF9zZWFyY2hfdGhlbWF0aWM%26psc%3D1,"Palladio, Retractable Waterproof Lip Liner High Pigmented and Creamy Color Slim Twist Up Smudge Proof Formula with Long Lasting All Day Wear No Sharpener Required, Plum, 1 Count",1 Count (Pack of 1),4.3 out of 5 stars|4.5 out of 5 stars|4.3 out of 5 stars|4.3 out of 5 stars|4.1 out of 5 stars,"3,105|1,360|1,289|2,163|1,064",$7.99,"Small Business|Small Business|Small Business|<img alt="""" src=""https://m.media-amazon.com/images/I/111mHoVK0kL._SS200_.png"" height=""50px"" width=""50px""/>  Small Business|<img alt="""" src=""https://m.media-amazon.com/images/I/111mHoVK0kL._SS200_.png"" height=""50px"" width=""50px""/>  Small Business|Small Business|Small Business|Small Business|<img alt="""" src=""https://m.media-amazon.com/images/I/111mHoVK0kL._SS200_.png"" height=""50px"" width=""50px""/>  Small Business|<img alt="""" src=""https://m.media-amazon.com/images/I/111mHoVK0kL._SS200_.png"" height=""50px"" width=""50px""/>  Small Business|Small Business|Small Business|Small Business|<img alt="""" src=""https://m.media-amazon.com/images/I/111mHoVK0kL._SS200_.png"" height=""50px"" width=""50px""/>  Small Business|<img alt="""" src=""https://m.media-amazon.com/images/I/111mHoVK0kL._SS200_.png"" height=""50px"" width=""50px""/>  Small Business",,https://m.media-amazon.com/images/I/41s2KxNFphL._AC_UL320_.jpg|https://m.media-amazon.com/images/I/111mHoVK0kL._SS200_.png||https://m.media-amazon.com/images/I/71S754TWA1L._AC_UL320_.jpg|https://m.media-amazon.com/images/I/41MitvjWKIL._AC_UL320_.jpg|https://m.media-amazon.com/images/I/111mHoVK0kL._SS200_.png||https://m.media-amazon.com/images/I/71RzIY5CQ9S._AC_UL320_.jpg|https://m.media-amazon.com/images/I/71rxPpQRTUL._AC_UL320_.jpg|https://m.media-amazon.com/images/I/111mHoVK0kL._SS200_.png|
2887,https://www.amazon.com/sspa/click?ie=UTF8&spc=MTo3OTc4ODI1MjE3OTYxNDc2OjE2Njg2MjYwNTE6c3Bfc2VhcmNoX3RoZW1hdGljOjIwMDA5NTAyOTc1NTE5ODo6MDo6&url=%2FPalladio-Retractable-Liner-Pencil-Plum%2Fdp%2FB000E9FXZE%2Fref%3Dsxin_16_pa_sp_search_thematic_sspa%3Fcontent-id%3Damzn1.sym.4e7a2229-074e-44de-95c4-9fd858f46295%253Aamzn1.sym.4e7a2229-074e-44de-95c4-9fd858f46295%26crid%3D1I3GRQ5VHAC4S%26cv_ct_cx%3Dlipliner%26keywords%3Dlipliner%26pd_rd_i%3DB000E9FXZE%26pd_rd_r%3D2277deb4-ae83-4705-807d-3c06635dfd66%26pd_rd_w%3DwbPl6%26pd_rd_wg%3Dj8XFZ%26pf_rd_p%3D4e7a2229-074e-44de-95c4-9fd858f46295%26pf_rd_r%3D0ZR5TF8BNPBXEQAX3W9R%26qid%3D1668626051%26sprefix%3Dlipliner%252Caps%252C87%26sr%3D1-1-a73d1c8c-2fd2-4f19-aa41-2df022bcb241-spons%26sp_csd%3Dd2lkZ2V0TmFtZT1zcF9zZWFyY2hfdGhlbWF0aWM%26psc%3D1,"Palladio, Retractable Waterproof Lip Liner High Pigmented and Creamy Color Slim Twist Up Smudge Proof Formula with Long Lasting All Day Wear No Sharpener Required, Plum, 1 Count",1 Count (Pack of 1),4.3 out of 5 stars,"3,105",$7.99,"Small Business|Small Business|Small Business|<img alt="""" src=""https://m.media-amazon.com/images/I/111mHoVK0kL._SS200_.png"" height=""50px"" width=""50px""/>  Small Business|<img alt="""" src=""https://m.media-amazon.com/images/I/111mHoVK0kL._SS200_.png"" height=""50px"" width=""50px""/>  Small Business",B000E9FXZE,https://m.media-amazon.com/images/I/41s2KxNFphL._AC_UL320_.jpg|https://m.media-amazon.com/images/I/111mHoVK0kL._SS200_.png|
2888,https://www.amazon.com/sspa/click?ie=UTF8&spc=MTo3OTc4ODI1MjE3OTYxNDc2OjE2Njg2MjYwNTE6c3Bfc2VhcmNoX3RoZW1hdGljOjIwMDA5NTcxOTIwODM5ODo6MTo6&url=%2FWet-Perfect-Liner-0-007-Mauves%2Fdp%2FB07PKW2MKF%2Fref%3Dsxin_16_pa_sp_search_thematic_sspa%3Fcontent-id%3Damzn1.sym.4e7a2229-074e-44de-95c4-9fd858f46295%253Aamzn1.sym.4e7a2229-074e-44de-95c4-9fd858f46295%26crid%3D1I3GRQ5VHAC4S%26cv_ct_cx%3Dlipliner%26keywords%3Dlipliner%26pd_rd_i%3DB07PKW2MKF%26pd_rd_r%3D2277deb4-ae83-4705-807d-3c06635dfd66%26pd_rd_w%3DwbPl6%26pd_rd_wg%3Dj8XFZ%26pf_rd_p%3D4e7a2229-074e-44de-95c4-9fd858f46295%26pf_rd_r%3D0ZR5TF8BNPBXEQAX3W9R%26qid%3D1668626051%26sprefix%3Dlipliner%252Caps%252C87%26sr%3D1-2-a73d1c8c-2fd2-4f19-aa41-2df022bcb241-spons%26sp_csd%3Dd2lkZ2V0TmFtZT1zcF9zZWFyY2hfdGhlbWF0aWM%26psc%3D1,"Lip Liner By Wet n Wild Perfect Pout Matte Retractable Gel Lip Liner Pencil, Purple Lay Down the Mauves",1 Count (Pack of 1),4.5 out of 5 stars,"1,360",$3.18,,B07PKW2MKF,https://m.media-amazon.com/images/I/71S754TWA1L._AC_UL320_.jpg
2889,https://www.amazon.com/sspa/click?ie=UTF8&spc=MTo3OTc4ODI1MjE3OTYxNDc2OjE2Njg2MjYwNTE6c3Bfc2VhcmNoX3RoZW1hdGljOjIwMDA5NzU4MDE2Mzg3MTo6Mjo6&url=%2FPalladio-Liner-Pencil-Tickle-Pink%2Fdp%2FB00CUQ09PI%2Fref%3Dsxin_16_pa_sp_search_thematic_sspa%3Fcontent-id%3Damzn1.sym.4e7a2229-074e-44de-95c4-9fd858f46295%253Aamzn1.sym.4e7a2229-074e-44de-95c4-9fd858f46295%26crid%3D1I3GRQ5VHAC4S%26cv_ct_cx%3Dlipliner%26keywords%3Dlipliner%26pd_rd_i%3DB00CUQ09PI%26pd_rd_r%3D2277deb4-ae83-4705-807d-3c06635dfd66%26pd_rd_w%3DwbPl6%26pd_rd_wg%3Dj8XFZ%26pf_rd_p%3D4e7a2229-074e-44de-95c4-9fd858f46295%26pf_rd_r%3D0ZR5TF8BNPBXEQAX3W9R%26qid%3D1668626051%26sprefix%3Dlipliner%252Caps%252C87%26sr%3D1-3-a73d1c8c-2fd2-4f19-aa41-2df022bcb241-spons%26sp_csd%3Dd2lkZ2V0TmFtZT1zcF9zZWFyY2hfdGhlbWF0aWM%26psc%3D1,"Palladio Lip Liner Pencil, Wooden, Firm yet Smooth, Contour and Line with Ease, Perfectly Outlined Lips, Comfortable, Hydrating, Moisturizing, Rich Pigmented Color, Long Lasting, Tickle Me Pink",1 Count (Pack of 1),4.3 out of 5 stars,"1,289",$4.99,"Small Business|Small Business|Small Business|<img alt="""" src=""https://m.media-amazon.com/images/I/111mHoVK0kL._SS200_.png"" height=""50px"" width=""50px""/>  Small Business|<img alt="""" src=""https://m.media-amazon.com/images/I/111mHoVK0kL._SS200_.png"" height=""50px"" width=""50px""/>  Small Business",B00CUQ09PI,https://m.media-amazon.com/images/I/41MitvjWKIL._AC_UL320_.jpg|https://m.media-amazon.com/images/I/111mHoVK0kL._SS200_.png|
2890,https://www.amazon.com/sspa/click?ie=UTF8&spc=MTo3OTc4ODI1MjE3OTYxNDc2OjE2Njg2MjYwNTE6c3Bfc2VhcmNoX3RoZW1hdGljOjIwMDA3MjQ3NjQ2NzQ0MTo6Mzo6&url=%2FISMINE-Matte-Lip-Liner-Pencil%2Fdp%2FB097GKHCTY%2Fref%3Dsxin_16_pa_sp_search_thematic_sspa%3Fcontent-id%3Damzn1.sym.4e7a2229-074e-44de-95c4-9fd858f46295%253Aamzn1.sym.4e7a2229-074e-44de-95c4-9fd858f46295%26crid%3D1I3GRQ5VHAC4S%26cv_ct_cx%3Dlipliner%26keywords%3Dlipliner%26pd_rd_i%3DB097GKHCTY%26pd_rd_r%3D2277deb4-ae83-4705-807d-3c06635dfd66%26pd_rd_w%3DwbPl6%26pd_rd_wg%3Dj8XFZ%26pf_rd_p%3D4e7a2229-074e-44de-95c4-9fd858f46295%26pf_rd_r%3D0ZR5TF8BNPBXEQAX3W9R%26qid%3D1668626051%26sprefix%3Dlipliner%252Caps%252C87%26sr%3D1-4-a73d1c8c-2fd2-4f19-aa41-2df022bcb241-spons%26sp_csd%3Dd2lkZ2V0TmFtZT1zcF9zZWFyY2hfdGhlbWF0aWM%26psc%3D1,IS'MINE Matte Lip Liner Pencil Set - 12 Assorted Colors High Pigmented Natural Lip Makeup Soft Pencils Longwear Matte Smooth Ultra Fine Lip Liners (Color Set -1),12 Count (Pack of 1),4.3 out of 5 stars,"2,163",$6.99,,B097GKHCTY,https://m.media-amazon.com/images/I/71RzIY5CQ9S._AC_UL320_.jpg
2891,https://www.amazon.com/sspa/click?ie=UTF8&spc=MTo3OTc4ODI1MjE3OTYxNDc2OjE2Njg2MjYwNTE6c3Bfc2VhcmNoX3RoZW1hdGljOjIwMDA2MTM0NjE2NzA5ODo6NDo6&url=%2FEternal-Automatic-Twist-Resistant-Glide%2Fdp%2FB07WYDV7DF%2Fref%3Dsxin_16_pa_sp_search_thematic_sspa%3Fcontent-id%3Damzn1.sym.4e7a2229-074e-44de-95c4-9fd858f46295%253Aamzn1.sym.4e7a2229-074e-44de-95c4-9fd858f46295%26crid%3D1I3GRQ5VHAC4S%26cv_ct_cx%3Dlipliner%26keywords%3Dlipliner%26pd_rd_i%3DB07WYDV7DF%26pd_rd_r%3D2277deb4-ae83-4705-807d-3c06635dfd66%26pd_rd_w%3DwbPl6%26pd_rd_wg%3Dj8XFZ%26pf_rd_p%3D4e7a2229-074e-44de-95c4-9fd858f46295%26pf_rd_r%3D0ZR5TF8BNPBXEQAX3W9R%26qid%3D1668626051%26sprefix%3Dlipliner%252Caps%252C87%26sr%3D1-5-a73d1c8c-2fd2-4f19-aa41-2df022bcb241-spons%26sp_csd%3Dd2lkZ2V0TmFtZT1zcF9zZWFyY2hfdGhlbWF0aWM%26psc%3D1,"Eternal Automatic Twist Up Water Resistant Lip Liner – Easy Glide-on, Long Lasting and Non-Smudge Retractable Lip Pencil with Strong Pigments and Professional Creamy Matte Finish (Nude)",1 Count (Pack of 1),4.1 out of 5 stars,"1,064",$6.99,"Small Business|Small Business|Small Business|<img alt="""" src=""https://m.media-amazon.com/images/I/111mHoVK0kL._SS200_.png"" height=""50px"" width=""50px""/>  Small Business|<img alt="""" src=""https://m.media-amazon.com/images/I/111mHoVK0kL._SS200_.png"" height=""50px"" width=""50px""/>  Small Business",B07WYDV7DF,https://m.media-amazon.com/images/I/71rxPpQRTUL._AC_UL320_.jpg|https://m.media-amazon.com/images/I/111mHoVK0kL._SS200_.png|
2893,https://www.amazon.com/Wet-Wild-Coloricon-Plumberry-715/dp/B000052ZEU/ref=sr_1_5?crid=1I3GRQ5VHAC4S&keywords=lipliner&qid=1668626051&sprefix=lipliner%2Caps%2C87&sr=8-5,"Wet n Wild Color Icon Lip Liner, Plumberry, 0.04 Ounce 715",1 Count (Pack of 1),4.4 out of 5 stars,"1,691",$1.29,"FREE delivery Tue, Nov 22 on $25 of items shipped by AmazonOr fastest delivery Fri, Nov 18|",B000052ZEU,https://m.media-amazon.com/images/I/714IWZiO-GL._AC_UL320_.jpg
2894,https://www.amazon.com/Wild-Perfect-Liner-651B-Comment/dp/B01MZ9AZ2P/ref=sr_1_6?crid=1I3GRQ5VHAC4S&keywords=lipliner&qid=1668626051&sprefix=lipliner%2Caps%2C87&sr=8-6,"Lip Liner By Wet n Wild Perfect Pout Matte Retractable Gel Lip Liner Pencil, Red Bare To Comment",1 Count (Pack of 1),4.5 out of 5 stars,"1,360",$3.18,"FREE delivery Tue, Nov 22 on $25 of items shipped by AmazonOr fastest delivery Fri, Nov 18|",B01MZ9AZ2P,https://m.media-amazon.com/images/I/71OjYGHkqsL._AC_UL320_.jpg
2895,https://www.amazon.com/Revlon-309978100188-ColorStay-Lipliner-Wine/dp/B01EUOU6FK/ref=sr_1_7?crid=1I3GRQ5VHAC4S&keywords=lipliner&qid=1668626051&sprefix=lipliner%2Caps%2C87&sr=8-7,"Lip Liner by Revlon, Colorstay Face Makeup with Built-in-Sharpener, Longwear Rich Lip Colors, Smooth Application, 670 Wine",1 Count (Pack of 1),4.4 out of 5 stars,"10,009",$7.22,"FREE delivery Nov 22 - 23|Climate Pledge Friendly|Climate Pledge Friendly|Climate Pledge Friendly|<img alt="""" src=""https://m.media-amazon.com/images/I/216-OX9rBaL._SS200_.png"" height=""50px"" width=""50px""/>  Climate Pledge Friendly|<img alt="""" src=""https://m.media-amazon.com/images/I/216-OX9rBaL._SS200_.png"" height=""50px"" width=""50px""/>  Climate Pledge Friendly|<img alt="""" src=""https://m.media-amazon.com/images/I/41Y2L-DZWfL._SS200_.png"" height=""50px"" width=""50px""/> Compact by Design (Certified by Amazon)",B01EUOU6FK,https://m.media-amazon.com/images/I/61R+Blbu7JL._AC_UL320_.jpg|https://m.media-amazon.com/images/I/216-OX9rBaL._SS200_.png||
2896,https://www.amazon.com/ISMINE-Matte-Lip-Liner-Pencil/dp/B097GKHCTY/ref=sr_1_8?crid=1I3GRQ5VHAC4S&keywords=lipliner&qid=1668626051&sprefix=lipliner%2Caps%2C87&sr=8-8,IS'MINE Matte Lip Liner Pencil Set - 12 Assorted Colors High Pigmented Natural Lip Makeup Soft Pencils Longwear Matte Smooth Ultra Fine Lip Liners (Color Set -1),12 Count (Pack of 1),4.3 out of 5 stars,"2,163",$6.99,"FREE delivery Tue, Nov 22 on $25 of items shipped by AmazonOr fastest delivery Fri, Nov 18|",B097GKHCTY,https://m.media-amazon.com/images/I/71RzIY5CQ9S._AC_UL320_.jpg
2897,https://www.amazon.com/Lipliners-Long-Lasting-Non-Stick-Waterproof-Pigmented/dp/B098KTCG6T/ref=sr_1_9?crid=1I3GRQ5VHAC4S&keywords=lipliner&qid=1668626051&sprefix=lipliner%2Caps%2C87&sr=8-9,6 Matte Lipstick with 6 Lipliners Durable Lip Gloss Long-Lasting Non-Stick Cup Not Fade Waterproof High Pigmented Velvet Lipgloss Kit Beauty Cosmetics Makeup Gift for Girls(12PCS),12 Piece Set,4.0 out of 5 stars,"1,698",$9.92,"FREE delivery Tue, Nov 22 on $25 of items shipped by AmazonOr fastest delivery Fri, Nov 18|",B098KTCG6T,https://m.media-amazon.com/images/I/71t-e9kCEOL._AC_UL320_.jpg
2898,https://www.amazon.com/Maybelline-Sensational-Shaping-Makeup-Almond/dp/B07BHB5SC5/ref=sr_1_10?crid=1I3GRQ5VHAC4S&keywords=lipliner&qid=1668626051&sprefix=lipliner%2Caps%2C87&sr=8-10,"Maybelline Color Sensational Shaping Lip Liner with Self-Sharpening Tip, Almond Rose, Nude Pink, 0.01 oz",0.01 Ounce (Pack of 1),4.4 out of 5 stars,"9,477",$6.98,"FREE delivery Tue, Nov 22 on $25 of items shipped by AmazonOr fastest delivery Fri, Nov 18|",B07BHB5SC5,https://m.media-amazon.com/images/I/71Umu4H2i8L._AC_UL320_.jpg
2899,https://aax-us-iad.amazon.com/x/c/ROvCNwa_s7_jwlO4_1irK_YAAAGEgdzy1QEAAAH2AQBOL0EgICAgICAgICAgICBOL0EgICAgICAgICAgICAREfeP/https://www.amazon.com/dp/B07YYPX2T6?pd_rd_i=B07YYPX2T6&pf_rd_p=b000e0a0-9e93-480f-bf78-a83c8136dfcb&pf_rd_r=0ZR5TF8BNPBXEQAX3W9R&pd_rd_wg=j8XFZ&pd_rd_w=1iJSQ&pd_rd_r=2277deb4-ae83-4705-807d-3c06635dfd66,Light Pink Lip Pencil by K7L - Rose,Sponsored,4.0 out of 5 stars,482,$16.50,"FREE delivery Tue, Nov 22 on $25 of items shipped by AmazonOr fastest delivery Fri, Nov 18|",,
2900,https://www.amazon.com/Wet-Wild-Coloricon-Plumberry-715/dp/B000052ZEU/ref=sxin_25_ac_d_hl?ac_md=1-0-T3ZlcmFsbCBDaG9pY2U%3D-ac_d_hl_hl_ac&content-id=amzn1.sym.3663916c-38f6-4d73-9801-2e9551111db6%3Aamzn1.sym.3663916c-38f6-4d73-9801-2e9551111db6&crid=1I3GRQ5VHAC4S&cv_ct_cx=lipliner&keywords=lipliner&pd_rd_i=B000052ZEU&pd_rd_r=2277deb4-ae83-4705-807d-3c06635dfd66&pd_rd_w=aZs4S&pd_rd_wg=j8XFZ&pf_rd_p=3663916c-38f6-4d73-9801-2e9551111db6&pf_rd_r=0ZR5TF8BNPBXEQAX3W9R&psc=1&qid=1668626051&sprefix=lipliner%2Caps%2C87&sr=1-1-25fd44b4-555a-4528-b40c-891e95133f20,"Wet n Wild Color Icon Lip Liner, Plumberry, 0.04 Ounce 715",1 Count (Pack of 1),4.4 out of 5 stars|4.4 out of 5 stars|4.2 out of 5 stars|4.4 out of 5 stars,"1,691|10,009|2,743|10,009",$1.29,"Climate Pledge Friendly|Climate Pledge Friendly|Climate Pledge Friendly|<img alt="""" src=""https://m.media-amazon.com/images/I/216-OX9rBaL._SS200_.png"" height=""50px"" width=""50px""/>  Climate Pledge Friendly|<img alt="""" src=""https://m.media-amazon.com/images/I/216-OX9rBaL._SS200_.png"" height=""50px"" width=""50px""/>  Climate Pledge Friendly|<img alt="""" src=""https://m.media-amazon.com/images/I/41Y2L-DZWfL._SS200_.png"" height=""50px"" width=""50px""/> Compact by Design (Certified by Amazon)",,https://m.media-amazon.com/images/I/714IWZiO-GL._AC_UL320_.jpg|https://m.media-amazon.com/images/I/61R+Blbu7JL._AC_UL320_.jpg|https://m.media-amazon.com/images/I/216-OX9rBaL._SS200_.png|||https://m.media-amazon.com/images/I/81svaek9gLL._AC_UL320_.jpg|https://m.media-amazon.com/images/I/61e5B0H2iBL._AC_UL320_.jpg
2902,https://www.amazon.com/HAUS-LABORATORIES-Lady-Gaga-Slayer/dp/B07RWB1TVL/ref=sr_1_11?crid=1I3GRQ5VHAC4S&keywords=lipliner&qid=1668626051&sprefix=lipliner%2Caps%2C87&sr=8-11,"HAUS LABORATORIES By Lady Gaga: RIP LIP LINER | Demi-Matte Water-Resistant Lip Liner Pencil Available in 16 Colors, Precise & Long Lasting Lip Liner or Lipstick Finish, Vegan & Cruelty-Free",($7.89/Count),4.5 out of 5 stars,"6,121",$7.89,"FREE delivery Tue, Nov 22 on $25 of items shipped by AmazonOr fastest delivery Fri, Nov 18|",B07RWB1TVL,https://m.media-amazon.com/images/I/513BSSK-udL._AC_UL320_.jpg
2903,https://www.amazon.com/Precision-Daring-Definition-Relentless-Porquerolles/dp/B074XDKLCP/ref=sr_1_12?crid=1I3GRQ5VHAC4S&keywords=lipliner&qid=1668626051&sprefix=lipliner%2Caps%2C87&sr=8-12,"NARS Precision Lip Liner Porquerolles, 0.04 Ounce, (I0089930)",1 Count (Pack of 1),4.7 out of 5 stars,80,$2.78,"FREE delivery Tue, Nov 22 on $25 of items shipped by AmazonOr fastest delivery Fri, Nov 18|",B074XDKLCP,https://m.media-amazon.com/images/I/51oYrm0AUcL._AC_UL320_.jpg
2904,https://www.amazon.com/Italia-Deluxe-Ultra-Liner-color/dp/B013VWRYXE/ref=sr_1_13?crid=1I3GRQ5VHAC4S&keywords=lipliner&qid=1668626051&sprefix=lipliner%2Caps%2C87&sr=8-13,12pc Italia Deluxe Ultra Fine Lip Liner set of 12 color,12 Count (Pack of 1),4.5 out of 5 stars,"12,395",$8.49,"FREE delivery Tue, Nov 22 on $25 of items shipped by AmazonOr fastest delivery Fri, Nov 18|",B013VWRYXE,https://m.media-amazon.com/images/I/71UBd2n1CXL._AC_UL320_.jpg
2905,https://www.amazon.com/NYX-PROFESSIONAL-MAKEUP-Pencil-Ounce/dp/B07B16318X/ref=sr_1_14?crid=1I3GRQ5VHAC4S&keywords=lipliner&qid=1668626051&sprefix=lipliner%2Caps%2C87&sr=8-14,"NYX PROFESSIONAL MAKEUP Slim Lip Pencil, Long-Lasting Creamy Lip Liner - Ever",1 Count (Pack of 1),4.5 out of 5 stars,"29,896",$4.96,"FREE delivery Tue, Nov 22 on $25 of items shipped by AmazonOr fastest delivery Fri, Nov 18|",B07B16318X,https://m.media-amazon.com/images/I/61aeuNpLsrL._AC_UL320_.jpg
2906,https://www.amazon.com/Ruby-Kisses-Auto-Liner-Espresso/dp/B09B1N77Q1/ref=sr_1_15?crid=1I3GRQ5VHAC4S&keywords=lipliner&qid=1668626051&sprefix=lipliner%2Caps%2C87&sr=8-15,"Ruby Kisses Auto Lip Liner Pencil, Long Lasting, Smooth Application Mechanical Lip Liner Pencil 3 PACK (Espresso)",3 Count (Pack of 1),4.1 out of 5 stars,986,$4.99,"FREE delivery Tue, Nov 22 on $25 of items shipped by AmazonOr fastest delivery Sat, Nov 19|",B09B1N77Q1,https://m.media-amazon.com/images/I/614YQtiiBZL._AC_UL320_.jpg
2907,https://www.amazon.com/Longwear-Lipstick-Sharpener-Nourishing-Waterproof/dp/B0B3XKM6PS/ref=sr_1_16?crid=1I3GRQ5VHAC4S&keywords=lipliner&qid=1668626051&sprefix=lipliner%2Caps%2C87&sr=8-16,"3 Colors Crayon Matte Longwear Lipstick Pack Set,Moisture Smooth Lipliner With Built-in Sharpener Ultimate Lip Crayon for Makeup- Nourishing Lipstick with a Waterproof Velvet Lipgloss Lip Stain",3 Count (Pack of 1),3.8 out of 5 stars,75,$8.99,"FREE delivery Tue, Nov 22 on $25 of items shipped by AmazonOr fastest delivery Fri, Nov 18|",B0B3XKM6PS,https://m.media-amazon.com/images/I/61mg+d-9aIL._AC_UL320_.jpg
2908,https://www.amazon.com/sspa/click?ie=UTF8&spc=MTozMDA2MjE5NTA0OTYwMDg2OjE2Njg2MjYwNTE6c3BfbXRmOjIwMDA2ODA1NjE4MzE5ODo6MDo6&url=%2FKasither-LipLiner-Lasting-Sharppens-free%25EF%25BC%2588Set-B%25EF%25BC%2589%2Fdp%2FB0B4BGDCC1%2Fref%3Dsr_1_17_sspa%3Fcrid%3D1I3GRQ5VHAC4S%26keywords%3Dlipliner%26qid%3D1668626051%26sprefix%3Dlipliner%252Caps%252C87%26sr%3D8-17-spons%26sp_csd%3Dd2lkZ2V0TmFtZT1zcF9tdGY%26psc%3D1,"Kasither 6 Colors LipLiner Set, Long Lasting Lip Liner Pencil with Sharppens, Matte Lip Crayon Smooth and Soft, Non-Dry, Easy to Use, Cruelty free（Set-B）",Sponsored,4.1 out of 5 stars,28,$11.85,"FREE delivery Tue, Nov 22 on $25 of items shipped by AmazonOr fastest delivery Fri, Nov 18|",B0B4BGDCC1,https://m.media-amazon.com/images/I/712LP+2AGeL._AC_UL320_.jpg
2909,https://www.amazon.com/sspa/click?ie=UTF8&spc=MTozMDA2MjE5NTA0OTYwMDg2OjE2Njg2MjYwNTE6c3BfbXRmOjIwMDA3MjQ3NjQ2NzQ0MTo6MDo6&url=%2FISMINE-Matte-Lip-Liner-Pencil%2Fdp%2FB097GKHCTY%2Fref%3Dsr_1_18_sspa%3Fcrid%3D1I3GRQ5VHAC4S%26keywords%3Dlipliner%26qid%3D1668626051%26sprefix%3Dlipliner%252Caps%252C87%26sr%3D8-18-spons%26sp_csd%3Dd2lkZ2V0TmFtZT1zcF9tdGY%26psc%3D1,IS'MINE Matte Lip Liner Pencil Set - 12 Assorted Colors High Pigmented Natural Lip Makeup Soft Pencils Longwear Matte Smooth Ultra Fine Lip Liners (Color Set -1),Sponsored,4.3 out of 5 stars,"2,163",$6.99,"FREE delivery Tue, Nov 22 on $25 of items shipped by AmazonOr fastest delivery Fri, Nov 18|",B097GKHCTY,https://m.media-amazon.com/images/I/71RzIY5CQ9S._AC_UL320_.jpg
2910,https://www.amazon.com/sspa/click?ie=UTF8&spc=MTozMDA2MjE5NTA0OTYwMDg2OjE2Njg2MjYwNTE6c3BfbXRmOjIwMDEwMzg4OTM2MjY5ODo6MDo6&url=%2FMoisture-Longwear-Lipstick-Ultimate-Collection%2Fdp%2FB0BDYMGGZ7%2Fref%3Dsr_1_19_sspa%3Fcrid%3D1I3GRQ5VHAC4S%26keywords%3Dlipliner%26qid%3D1668626051%26sprefix%3Dlipliner%252Caps%252C87%26sr%3D8-19-spons%26sp_csd%3Dd2lkZ2V0TmFtZT1zcF9tdGY%26psc%3D1,"3 Colors Moisture Smooth Longwear Lipstick Pack Set, Matte Color Stick Ultimate Lip Crayon for Makeup Collection - Nourishing Lipstick with a Matte Finish Waterproof Velvet Lipgloss Lip Stain (set02)",Sponsored,,,$7.99,"FREE delivery Tue, Nov 22 on $25 of items shipped by AmazonOr fastest delivery Sun, Nov 20|",B0BDYMGGZ7,https://m.media-amazon.com/images/I/61Ydt6gwfKL._AC_UL320_.jpg
2911,https://www.amazon.com/sspa/click?ie=UTF8&spc=MTozMDA2MjE5NTA0OTYwMDg2OjE2Njg2MjYwNTE6c3BfbXRmOjIwMDA4NjYyMDA4ODc5ODo6MDo6&url=%2FLipstick-Lipgloss-Lasting-labiales-duracion%2Fdp%2FB0B3N4563H%2Fref%3Dsr_1_20_sspa%3Fcrid%3D1I3GRQ5VHAC4S%26keywords%3Dlipliner%26qid%3D1668626051%26sprefix%3Dlipliner%252Caps%252C87%26sr%3D8-20-spons%26sp_csd%3Dd2lkZ2V0TmFtZT1zcF9tdGY%26psc%3D1,"DNM 3Pcs Dark Ruby Red Matte Lip Liner and Liquid Lipstick Lip Stain Lipgloss Set for Women,24 Hour Red Matte Lipstick Long Lasting Smudge Proof Lip Stick Packs labiales rojos matte larga duracion 24",Sponsored,3.9 out of 5 stars,489,$9.99,"FREE delivery Tue, Nov 22 on $25 of items shipped by AmazonOr fastest delivery Sat, Nov 19|",B0B3N4563H,https://m.media-amazon.com/images/I/61Fdv4UM4YL._AC_UL320_.jpg
2912,https://www.amazon.com/Precision-Lip-Liner-Rouge-Marocain/dp/B075D7P5WH/ref=sr_1_21?crid=1I3GRQ5VHAC4S&keywords=lipliner&qid=1668626051&sprefix=lipliner%2Caps%2C87&sr=8-21,"Nars Precision Lip Liner Rouge Marocain, 0.04 Ounce",1 Count (Pack of 1),4.7 out of 5 stars,80,$7.53,FREE delivery on $25 shipped by Amazon.,B075D7P5WH,https://m.media-amazon.com/images/I/51QOeQjI28L._AC_UL320_.jpg
2913,https://www.amazon.com/Revlon-Colorstay-Lipliner-Nude-Ounce/dp/B01LTI19EM/ref=sr_1_22?crid=1I3GRQ5VHAC4S&keywords=lipliner&qid=1668626051&sprefix=lipliner%2Caps%2C87&sr=8-22,"Lip Liner by Revlon, Colorstay Face Makeup with Built-in-Sharpener, Longwear Rich Lip Colors, Smooth Application, 630 Nude",1 Count (Pack of 1),4.5 out of 5 stars,"1,957",$7.98,"FREE delivery Mon, Nov 28 on $25 of items shipped by AmazonOr fastest delivery Sun, Nov 20|",B01LTI19EM,https://m.media-amazon.com/images/I/61GqoZN4JyL._AC_UL320_.jpg
2914,https://www.amazon.com/LOreal-Paris-Beyond-Pink-0-0070-Ounce/dp/B004BCX9NS/ref=sr_1_23?crid=1I3GRQ5VHAC4S&keywords=lipliner&qid=1668626051&sprefix=lipliner%2Caps%2C87&sr=8-23,L'Oreal Paris Colour Riche Lip Line,1 Count (Pack of 1),4.6 out of 5 stars,"6,007",$6.77,"FREE delivery Tue, Nov 22 on $25 of items shipped by AmazonOr fastest delivery Fri, Nov 18|",B004BCX9NS,https://m.media-amazon.com/images/I/61v4tXSH6EL._AC_UL320_.jpg
2915,https://www.amazon.com/Rimmel-Exaggerate-Eastend-Mechanical-Application/dp/B004LXHN3O/ref=sr_1_24?crid=1I3GRQ5VHAC4S&keywords=lipliner&qid=1668626051&sprefix=lipliner%2Caps%2C87&sr=8-24,"Rimmel Exaggerate Lip Liner Eastend Snob, 0.0090 Ounce",1 Count (Pack of 1),4.6 out of 5 stars,"5,230",$4.65,"FREE delivery Tue, Nov 22 on $25 of items shipped by AmazonOr fastest delivery Sat, Nov 19|",B004LXHN3O,https://m.media-amazon.com/images/I/71C75owasdL._AC_UL320_.jpg
2916,https://www.amazon.com/Rimmel-1000-Kisses-Liner-Dynamite/dp/B004LXHMMQ/ref=sr_1_25?crid=1I3GRQ5VHAC4S&keywords=lipliner&qid=1668626051&sprefix=lipliner%2Caps%2C87&sr=8-25,Rimmel lasting finish extreme lipstick,0.04 Ounce (Pack of 1),4.5 out of 5 stars,"4,826",$3.00,"FREE delivery Tue, Nov 22 on $25 of items shipped by AmazonOr fastest delivery Fri, Nov 18|",B004LXHMMQ,https://m.media-amazon.com/images/I/51Ry6WzT8sL._AC_UL320_.jpg
2917,https://www.amazon.com/Rimmel-Lasting-Finish-Liner-Cappuccino/dp/B08CFSS35N/ref=sr_1_26?crid=1I3GRQ5VHAC4S&keywords=lipliner&qid=1668626051&sprefix=lipliner%2Caps%2C87&sr=8-26,"Rimmel Lasting Finish 8HR Lip Liner, 705 Cappuccino, Pack of 1",1 Count (Pack of 1),4.4 out of 5 stars,"3,168",$5.99,"FREE delivery Tue, Nov 22 on $25 of items shipped by AmazonOr fastest delivery Fri, Nov 18|",B08CFSS35N,https://m.media-amazon.com/images/I/31wziYayMeS._AC_UL320_.jpg
2918,https://www.amazon.com/NYX-PROFESSIONAL-MAKEUP-Pencil-Ounce/dp/B079ZX2WJ7/ref=sr_1_27?crid=1I3GRQ5VHAC4S&keywords=lipliner&qid=1668626051&sprefix=lipliner%2Caps%2C87&sr=8-27,"NYX PROFESSIONAL MAKEUP Slim Lip Pencil, Long-Lasting Creamy Lip Liner - Nude Pink",1 Count (Pack of 1),4.5 out of 5 stars,"29,896",$4.96,"FREE delivery Tue, Nov 22 on $25 of items shipped by AmazonOr fastest delivery Fri, Nov 18|",B079ZX2WJ7,https://m.media-amazon.com/images/I/61NHRt+3f7L._AC_UL320_.jpg
2919,https://www.amazon.com/Milani-Color-Statement-Liner-Ounce/dp/B00NBXW03S/ref=sr_1_28?crid=1I3GRQ5VHAC4S&keywords=lipliner&qid=1668626051&sprefix=lipliner%2Caps%2C87&sr=8-28,"Milani Color Statement Lipliner - Nude (0.04 Ounce) Cruelty-Free Lip Pencil to Define, Shape & Fill Lips",0.04 Ounce (Pack of 1),4.5 out of 5 stars,"6,971",$4.97,"FREE delivery Tue, Nov 22 on $25 of items shipped by AmazonOr fastest delivery Fri, Nov 18||Small Business|Small Business|Small Business|<img alt="""" src=""https://m.media-amazon.com/images/I/111mHoVK0kL._SS200_.png"" height=""50px"" width=""50px""/>  Small Business|<img alt="""" src=""https://m.media-amazon.com/images/I/111mHoVK0kL._SS200_.png"" height=""50px"" width=""50px""/>  Small Business",B00NBXW03S,https://m.media-amazon.com/images/I/61Ar5K9Q17L._AC_UL320_.jpg|https://m.media-amazon.com/images/I/111mHoVK0kL._SS200_.png|
2920,https://www.amazon.com/Wet-Perfect-Liner-0-007-Mauves/dp/B07PKW2MKF/ref=sr_1_29?crid=1I3GRQ5VHAC4S&keywords=lipliner&qid=1668626051&sprefix=lipliner%2Caps%2C87&sr=8-29,"Lip Liner By Wet n Wild Perfect Pout Matte Retractable Gel Lip Liner Pencil, Purple Lay Down the Mauves",1 Count (Pack of 1),4.5 out of 5 stars,"1,360",$3.18,"FREE delivery Tue, Nov 22 on $25 of items shipped by AmazonOr fastest delivery Fri, Nov 18|",B07PKW2MKF,https://m.media-amazon.com/images/I/71S754TWA1L._AC_UL320_.jpg
2921,https://www.amazon.com/Maybelline-Makeup-Color-Sensational-Shaping/dp/B01LXFQNQS/ref=sr_1_30?crid=1I3GRQ5VHAC4S&keywords=lipliner&qid=1668626051&sprefix=lipliner%2Caps%2C87&sr=8-30,"Maybelline Color Sensational Shaping Lip Liner with Self-Sharpening Tip, Dusty Rose, Nude Pink, 0.01 oz",0.01 Ounce (Pack of 1),4.4 out of 5 stars,"9,477",$6.63,"FREE delivery Tue, Nov 22 on $25 of items shipped by AmazonOr fastest delivery Fri, Nov 18|",B01LXFQNQS,https://m.media-amazon.com/images/I/51-2TLTTnJL._AC_UL320_.jpg
2922,https://www.amazon.com/Nude-Spice-Lip-Liner-Duo/dp/B08G1ZP919/ref=sr_1_31?crid=1I3GRQ5VHAC4S&keywords=lipliner&qid=1668626051&sprefix=lipliner%2Caps%2C87&sr=8-31,Nude & Spice Lip Liner Duo,2 Count (Pack of 1),4.6 out of 5 stars,326,$8.95,"FREE delivery on $25 shipped by Amazon.|Small Business|Small Business|Small Business|<img alt="""" src=""https://m.media-amazon.com/images/I/111mHoVK0kL._SS200_.png"" height=""50px"" width=""50px""/>  Small Business|<img alt="""" src=""https://m.media-amazon.com/images/I/111mHoVK0kL._SS200_.png"" height=""50px"" width=""50px""/>  Small Business",B08G1ZP919,https://m.media-amazon.com/images/I/51Sag+oVT7L._AC_UL320_.jpg|https://m.media-amazon.com/images/I/111mHoVK0kL._SS200_.png|
2923,https://www.amazon.com/Palladio-Retractable-Liner-Pencil-Plum/dp/B000E9FXZE/ref=sr_1_32?crid=1I3GRQ5VHAC4S&keywords=lipliner&qid=1668626051&sprefix=lipliner%2Caps%2C87&sr=8-32,"Palladio, Retractable Waterproof Lip Liner High Pigmented and Creamy Color Slim Twist Up Smudge Proof Formula with Long Lasting All Day Wear No Sharpener Required, Plum, 1 Count",1 Count (Pack of 1),4.3 out of 5 stars,"3,105",$7.99,"FREE delivery Tue, Nov 22 on $25 of items shipped by AmazonOr fastest delivery Fri, Nov 18||Small Business|Small Business|Small Business|<img alt="""" src=""https://m.media-amazon.com/images/I/111mHoVK0kL._SS200_.png"" height=""50px"" width=""50px""/>  Small Business|<img alt="""" src=""https://m.media-amazon.com/images/I/111mHoVK0kL._SS200_.png"" height=""50px"" width=""50px""/>  Small Business",B000E9FXZE,https://m.media-amazon.com/images/I/41s2KxNFphL._AC_UL320_.jpg|https://m.media-amazon.com/images/I/111mHoVK0kL._SS200_.png|
2924,https://www.amazon.com/sspa/click?ie=UTF8&spc=MTozMDA2MjE5NTA0OTYwMDg2OjE2Njg2MjYwNTE6c3BfbXRmOjIwMDA5NDA4NDg2MzE5ODo6MDo6&url=%2FLongwear-Lipstick-Moisture-Ultimate-Collection%2Fdp%2FB0BD4RSMD5%2Fref%3Dsr_1_33_sspa%3Fcrid%3D1I3GRQ5VHAC4S%26keywords%3Dlipliner%26qid%3D1668626051%26sprefix%3Dlipliner%252Caps%252C87%26sr%3D8-33-spons%26sp_csd%3Dd2lkZ2V0TmFtZT1zcF9tdGY%26psc%3D1,"3 Colors Crayon Matte Longwear Lipstick Pack Set,Moisture Smooth Color Stick Ultimate Lip Crayon for Makeup Collection - Nourishing Lipstick with a Matte Finish Waterproof Velvet Lipgloss Lip Stain (set11)",Sponsored,3.8 out of 5 stars,75,$8.98,"FREE delivery Tue, Nov 22 on $25 of items shipped by AmazonOr fastest delivery Sat, Nov 19|",B0BD4RSMD5,https://m.media-amazon.com/images/I/61Mm4LpQrCL._AC_UL320_.jpg
2925,https://www.amazon.com/sspa/click?ie=UTF8&spc=MTozMDA2MjE5NTA0OTYwMDg2OjE2Njg2MjYwNTE6c3BfbXRmOjIwMDA5MTM2MDE1MzM5ODo6MDo6&url=%2FBuxom-Power-Plumping-Liner-Beige%2Fdp%2FB094S3XZ8Y%2Fref%3Dsr_1_34_sspa%3Fcrid%3D1I3GRQ5VHAC4S%26keywords%3Dlipliner%26qid%3D1668626051%26sprefix%3Dlipliner%252Caps%252C87%26sr%3D8-34-spons%26sp_csd%3Dd2lkZ2V0TmFtZT1zcF9tdGY%26psc%3D1,Buxom Power Line Plumping Lip Line,Sponsored,4.2 out of 5 stars,284,$19.00,"FREE delivery Tue, Nov 22 on $25 of items shipped by AmazonOr fastest delivery Sat, Nov 19|",B094S3XZ8Y,https://m.media-amazon.com/images/I/31lhAVqZY7S._AC_UL320_.jpg
2926,https://www.amazon.com/sspa/click?ie=UTF8&spc=MTozMDA2MjE5NTA0OTYwMDg2OjE2Njg2MjYwNTE6c3BfbXRmOjIwMDA1NDgyNTk4MTU5ODo6MDo6&url=%2FPalladio-0024057329549-Lip-Stain-Nude%2Fdp%2FB001CWGFYU%2Fref%3Dsr_1_35_sspa%3Fcrid%3D1I3GRQ5VHAC4S%26keywords%3Dlipliner%26qid%3D1668626051%26sprefix%3Dlipliner%252Caps%252C87%26sr%3D8-35-spons%26sp_csd%3Dd2lkZ2V0TmFtZT1zcF9tdGY%26psc%3D1,"Palladio Lip Stain, Hydrating and Waterproof Formula, Matte Color Look, Longlasting All Day Wear Lip Color, Smudge Proof Natural Finish, Precise Chisel Tip Marker, Nude",Sponsored,3.7 out of 5 stars,"5,184",$7.99,"FREE delivery Tue, Nov 22 on $25 of items shipped by AmazonOr fastest delivery Sat, Nov 19||Small Business|Small Business|Small Business|<img alt="""" src=""https://m.media-amazon.com/images/I/111mHoVK0kL._SS200_.png"" height=""50px"" width=""50px""/>  Small Business|<img alt="""" src=""https://m.media-amazon.com/images/I/111mHoVK0kL._SS200_.png"" height=""50px"" width=""50px""/>  Small Business",B001CWGFYU,https://m.media-amazon.com/images/I/61hPsH5qtzL._AC_UL320_.jpg|https://m.media-amazon.com/images/I/111mHoVK0kL._SS200_.png|
2927,https://www.amazon.com/sspa/click?ie=UTF8&spc=MTozMDA2MjE5NTA0OTYwMDg2OjE2Njg2MjYwNTE6c3BfbXRmOjIwMDAzMzAzOTQ1MzY5ODo6MDo6&url=%2FLipstick-Waterproof-Lasting-Matching-Lipliner%2Fdp%2FB08GG25RNF%2Fref%3Dsr_1_36_sspa%3Fcrid%3D1I3GRQ5VHAC4S%26keywords%3Dlipliner%26qid%3D1668626051%26sprefix%3Dlipliner%252Caps%252C87%26sr%3D8-36-spons%26sp_csd%3Dd2lkZ2V0TmFtZT1zcF9tdGY%26psc%3D1,"6Pcs Lip Liner and Lipstick Set, DNM Chestnut Nude Dark Red Matte Matt Mat Pens Lipstick 24H and with Lip Liner Makeup Set for Black Mature Women Long Lasting labiales mate 24 horas originales A01",Sponsored,4.0 out of 5 stars,"3,117",$12.98,"FREE delivery Tue, Nov 22 on $25 of items shipped by AmazonOr fastest delivery Fri, Nov 18|",B08GG25RNF,https://m.media-amazon.com/images/I/614tKzMYvWL._AC_UL320_.jpg
2928,https://www.amazon.com/Rimmel-Lasting-Finish-Liner-Nude/dp/B08CFMTMK6/ref=sr_1_37?crid=1I3GRQ5VHAC4S&keywords=lipliner&qid=1668626051&sprefix=lipliner%2Caps%2C87&sr=8-37,"Rimmel Lasting Finish 8HR Lip Liner, 760 90s Nude, Pack of 1",1 Count (Pack of 1),4.4 out of 5 stars,"3,168",$5.99,"FREE delivery Tue, Nov 22 on $25 of items shipped by AmazonOr fastest delivery Fri, Nov 18|",B08CFMTMK6,https://m.media-amazon.com/images/I/61LbVSqEr4L._AC_UL320_.jpg
2929,https://www.amazon.com/REV-STAY-LIP-LINER-RAISIN/dp/B01IAEAMCS/ref=sr_1_38?crid=1I3GRQ5VHAC4S&keywords=lipliner&qid=1668626051&sprefix=lipliner%2Caps%2C87&sr=8-38,REV C/STAY LIP LINER RAISIN 640,0.01 Ounce (Pack of 1),4.5 out of 5 stars,93,$9.99,"FREE delivery Tue, Nov 22 on $25 of items shipped by AmazonOr fastest delivery Fri, Nov 18|",B01IAEAMCS,https://m.media-amazon.com/images/I/41-Polw2vwL._AC_UL320_.jpg
2930,https://www.amazon.com/Maybelline-New-York-SuperStay-Lipstick/dp/B07PGQDWMT/ref=sr_1_39?crid=1I3GRQ5VHAC4S&keywords=lipliner&qid=1668626051&sprefix=lipliner%2Caps%2C87&sr=8-39,"Maybelline Super Stay Ink Crayon Lipstick, Precision Tip Matte Lip Crayon with Built-in Sharpener, Longwear Up To 8Hrs, Lead The Way, Pink Beige, 0.04 oz",0.04 Fl Oz (Pack of 1),4.5 out of 5 stars,"24,799",$8.98,"FREE delivery Tue, Nov 22 on $25 of items shipped by AmazonOr fastest delivery Sat, Nov 19|",B07PGQDWMT,https://m.media-amazon.com/images/I/71HsByGdEBL._AC_UL320_.jpg
2931,https://www.amazon.com/Wet-Wild-Lipstick-Hydrating-Buildable/dp/B00YFPV1TA/ref=sr_1_40?crid=1I3GRQ5VHAC4S&keywords=lipliner&qid=1668626051&sprefix=lipliner%2Caps%2C87&sr=8-40,wet n wild Silk Finish Lipstick| Hydrating Lip Color| Rich Buildable Color| Breeze Nude,0.13 Ounce (Pack of 1),4.2 out of 5 stars,"25,982",$0.98,"FREE delivery Tue, Nov 22 on $25 of items shipped by AmazonOr fastest delivery Fri, Nov 18|",B00YFPV1TA,https://m.media-amazon.com/images/I/71KlZ6X4GHL._AC_UL320_.jpg
2932,https://www.amazon.com/Liquid-Lipstick-Pigment-Velvety-Waterproof/dp/B095Y7JG32/ref=sr_1_41?crid=1I3GRQ5VHAC4S&keywords=lipliner&qid=1668626051&sprefix=lipliner%2Caps%2C87&sr=8-41,"12Pcs Matte Liquid Lipstick + Lip Liner Pens Set, One Step Lips Makeup Kits Pigment Velvety Nude Lip Stain Waterproof Long Wear Lip Gloss Make up Gift Set (Set A)",12 Piece Set,3.9 out of 5 stars,"6,710",$13.88,"FREE delivery Tue, Nov 22 on $25 of items shipped by AmazonOr fastest delivery Sat, Nov 19|",B095Y7JG32,https://m.media-amazon.com/images/I/71Lp1ILEsUL._AC_UL320_.jpg
2933,https://www.amazon.com/NYX-PROFESSIONAL-MAKEUP-Slide-Pencil/dp/B017LJQ0WE/ref=sr_1_42?crid=1I3GRQ5VHAC4S&keywords=lipliner&qid=1668626051&sprefix=lipliner%2Caps%2C87&sr=8-42,"NYX PROFESSIONAL MAKEUP Slide On Lip Pencil, Lip Liner - Urban Cafe (Brown)",1 Count (Pack of 1),4.4 out of 5 stars,"3,878",$7.99,"FREE delivery Tue, Nov 22 on $25 of items shipped by AmazonOr fastest delivery Fri, Nov 18|",B017LJQ0WE,https://m.media-amazon.com/images/I/61KLstiXf3L._AC_UL320_.jpg
2934,https://www.amazon.com/54pcs-Nabi-Quality-Liner-Pencils/dp/B00CVDTMI0/ref=sr_1_43?crid=1I3GRQ5VHAC4S&keywords=lipliner&qid=1668626051&sprefix=lipliner%2Caps%2C87&sr=8-43,54pcs Nabi Lip Liner Pencils,54 Count (Pack of 1),4.6 out of 5 stars,"3,643",$27.90,FREE delivery,B00CVDTMI0,https://m.media-amazon.com/images/I/91mvVvVrK1L._AC_UL320_.jpg
2935,https://www.amazon.com/NYX-PROFESSIONAL-MAKEUP-Pencil-Espresso/dp/B079ZX2QBD/ref=sr_1_44?crid=1I3GRQ5VHAC4S&keywords=lipliner&qid=1668626051&sprefix=lipliner%2Caps%2C87&sr=8-44,"NYX PROFESSIONAL MAKEUP Slim Lip Pencil, Long-Lasting Creamy Lip Liner - Espresso",1 Count (Pack of 1),4.5 out of 5 stars,"29,896",$4.96,"FREE delivery Tue, Nov 22 on $25 of items shipped by AmazonOr fastest delivery Fri, Nov 18|",B079ZX2QBD,https://m.media-amazon.com/images/I/61A+7eAdVkL._AC_UL320_.jpg
2936,https://www.amazon.com/LOreal-Paris-Cosmetics-Color-Toffee/dp/B078JL7M22/ref=sr_1_45?crid=1I3GRQ5VHAC4S&keywords=lipliner&qid=1668626051&sprefix=lipliner%2Caps%2C87&sr=8-45,"L'Oréal Paris Colour Riche Lip Liner, Toffee To Be, (2 Count)",2 Count (Pack of 1),4.6 out of 5 stars,"6,007",$11.98,"FREE delivery Tue, Nov 22 on $25 of items shipped by AmazonOr fastest delivery Fri, Nov 18|",B078JL7M22,https://m.media-amazon.com/images/I/71du1d9H+fL._AC_UL320_.jpg
2937,https://www.amazon.com/Milani-Color-Statement-Liner-Spice/dp/B00CLKUZZM/ref=sr_1_46?crid=1I3GRQ5VHAC4S&keywords=lipliner&qid=1668626051&sprefix=lipliner%2Caps%2C87&sr=8-46,"Milani Color Statement Lipliner - Spice (0.04 Ounce) Cruelty-Free Lip Pencil to Define, Shape & Fill Lips",0.04 Ounce (Pack of 1),4.5 out of 5 stars,"6,971",$4.69,"FREE delivery Tue, Nov 22 on $25 of items shipped by AmazonOr fastest delivery Fri, Nov 18||Small Business|Small Business|Small Business|<img alt="""" src=""https://m.media-amazon.com/images/I/111mHoVK0kL._SS200_.png"" height=""50px"" width=""50px""/>  Small Business|<img alt="""" src=""https://m.media-amazon.com/images/I/111mHoVK0kL._SS200_.png"" height=""50px"" width=""50px""/>  Small Business",B00CLKUZZM,https://m.media-amazon.com/images/I/61g-dfCxANL._AC_UL320_.jpg|https://m.media-amazon.com/images/I/111mHoVK0kL._SS200_.png|
2938,https://www.amazon.com/Colors-Moisture-Lipstick-Ultimate-Collection/dp/B0BDYM5GCC/ref=sr_1_47?crid=1I3GRQ5VHAC4S&keywords=lipliner&qid=1668626051&sprefix=lipliner%2Caps%2C87&sr=8-47,"3 Colors Moisture Smooth Lipstick Pack Set, Matte Color Stick Ultimate Lip Crayon for Makeup Collection - Nourishing Lipstick with a Matte Finish Waterproof Velvet Lipgloss Lip Stain (set01)",($2.66/Count),,,$7.99,"FREE delivery Tue, Nov 22 on $25 of items shipped by AmazonOr fastest delivery Fri, Nov 18|",B0BDYM5GCC,https://m.media-amazon.com/images/I/61BzI4GKTJL._AC_UL320_.jpg
2939,https://www.amazon.com/Sorme-Cosmetics-Waterproof-Smear-Natural/dp/B00C662QP8/ref=sr_1_48?crid=1I3GRQ5VHAC4S&keywords=lipliner&qid=1668626051&sprefix=lipliner%2Caps%2C87&sr=8-48,Sorme Waterproof Lip Liner - Non-splintering Smearproof Lip Liner,1 Count (Pack of 1),4.4 out of 5 stars,777,$10.03,"FREE delivery Tue, Nov 22 on $25 of items shipped by AmazonOr fastest delivery Fri, Nov 18|",B00C662QP8,https://m.media-amazon.com/images/I/51LfszTtbRL._AC_UL320_.jpg
2940,https://www.amazon.com/wild-Color-Liner-Fuchsia-Ounce/dp/B001126Z6O/ref=sr_1_49?crid=1I3GRQ5VHAC4S&keywords=lipliner&qid=1668626051&sprefix=lipliner%2Caps%2C87&sr=8-49,"Lip Liner Pencil By Wet n Wild Color Icon Lip Color Makeup, Fab Fuchsia",1 Count (Pack of 1),4.4 out of 5 stars,"1,691",$1.77,"FREE delivery Wed, Nov 23 on $25 of items shipped by AmazonOr fastest delivery Sat, Nov 19|",B001126Z6O,https://m.media-amazon.com/images/I/71iPC9xu0xL._AC_UL320_.jpg
2941,https://www.amazon.com/Lipstick-Waterproof-Lasting-Matching-Lipliner/dp/B08GG25RNF/ref=sr_1_50?crid=1I3GRQ5VHAC4S&keywords=lipliner&qid=1668626051&sprefix=lipliner%2Caps%2C87&sr=8-50,"6Pcs Lip Liner and Lipstick Set, DNM Chestnut Nude Dark Red Matte Matt Mat Pens Lipstick 24H and with Lip Liner Makeup Set for Black Mature Women Long Lasting labiales mate 24 horas originales A01",6 Count (Pack of 1),4.0 out of 5 stars,"3,117",$12.98,"FREE delivery Tue, Nov 22 on $25 of items shipped by AmazonOr fastest delivery Fri, Nov 18|",B08GG25RNF,https://m.media-amazon.com/images/I/614tKzMYvWL._AC_UL320_.jpg
2942,https://www.amazon.com/LOreal-Paris-Perfect-Anti-Feathering-Available/dp/B07Z9WN5Z3/ref=sr_1_51?crid=1I3GRQ5VHAC4S&keywords=lipliner&qid=1668626051&sprefix=lipliner%2Caps%2C87&sr=8-51,"L'Oreal Paris Age Perfect Anti-Feathering Lip Liner, Perfect Burgundy",1 Count (Pack of 1),3.6 out of 5 stars,"1,325",$6.98,FREE delivery Nov 22 - 23,B07Z9WN5Z3,https://m.media-amazon.com/images/I/41yuEEZh6ZL._AC_UL320_.jpg
2943,https://www.amazon.com/Bestland-Lipstick-Non-Stick-Waterproof-lipstick/dp/B0B38PQ138/ref=sr_1_52?crid=1I3GRQ5VHAC4S&keywords=lipliner&qid=1668626051&sprefix=lipliner%2Caps%2C87&sr=8-52,"6Pcs Bestland Matte Liquid Lipstick and Lip Liner Set, Non-Stick Cup Not Fade Waterproof Nude lipstick Makeup Kits Velvety Nude Lipliner Lip Gloss Make Up Gift Set (Set C)",6 Piece Set,3.8 out of 5 stars,236,$7.99,"FREE delivery Wed, Nov 23 on $25 of items shipped by AmazonOr fastest delivery Tue, Nov 22|",B0B38PQ138,https://m.media-amazon.com/images/I/713PVWget-L._AC_UL320_.jpg
2944,https://www.amazon.com/L-Girl-Lipliner-Pencil-Natural/dp/B00K4YJHJ2/ref=sr_1_53?crid=1I3GRQ5VHAC4S&keywords=lipliner&qid=1668626051&sprefix=lipliner%2Caps%2C87&sr=8-53,"L.A. Girl Lipliner Pencil 512 Natural, Assortment (LAX-GP512)",1 Count (Pack of 1),4.4 out of 5 stars,"1,241",$3.25,"FREE delivery Tue, Nov 22 on $25 of items shipped by AmazonOr fastest delivery Fri, Nov 18|",B00K4YJHJ2,https://m.media-amazon.com/images/I/51VCSSI2rHL._AC_UL320_.jpg
2945,https://www.amazon.com/Palladio-Retractable-Liner-Pencil-Nearly/dp/B000GBN0G4/ref=sr_1_54?crid=1I3GRQ5VHAC4S&keywords=lipliner&qid=1668626051&sprefix=lipliner%2Caps%2C87&sr=8-54,"Palladio Retractable Waterproof Lip Liner High Pigmented and Creamy Color Slim Twist Up Smudge Proof Formula with Long Lasting All Day Wear No Sharpener Required, Nearly Nude",1 Count (Pack of 1),4.3 out of 5 stars,"3,105",$7.99,"FREE delivery Tue, Nov 22 on $25 of items shipped by AmazonOr fastest delivery Fri, Nov 18||Small Business|Small Business|Small Business|<img alt="""" src=""https://m.media-amazon.com/images/I/111mHoVK0kL._SS200_.png"" height=""50px"" width=""50px""/>  Small Business|<img alt="""" src=""https://m.media-amazon.com/images/I/111mHoVK0kL._SS200_.png"" height=""50px"" width=""50px""/>  Small Business",B000GBN0G4,https://m.media-amazon.com/images/I/41UgZgjP9EL._AC_UL320_.jpg|https://m.media-amazon.com/images/I/111mHoVK0kL._SS200_.png|
2946,https://www.amazon.com/LAURA-GELLER-NEW-YORK-Waterproof/dp/B094BMMTN1/ref=sr_1_55?crid=1I3GRQ5VHAC4S&keywords=lipliner&qid=1668626051&sprefix=lipliner%2Caps%2C87&sr=8-55,"LAURA GELLER NEW YORK Modern Classic Waterproof Lip Liner, Happy Hazelnut",1 Count (Pack of 1),4.3 out of 5 stars,98,$18.50,"FREE delivery Tue, Nov 22 on $25 of items shipped by AmazonOr fastest delivery Fri, Nov 18||Small Business|Small Business|Small Business|<img alt="""" src=""https://m.media-amazon.com/images/I/111mHoVK0kL._SS200_.png"" height=""50px"" width=""50px""/>  Small Business|<img alt="""" src=""https://m.media-amazon.com/images/I/111mHoVK0kL._SS200_.png"" height=""50px"" width=""50px""/>  Small Business",B094BMMTN1,https://m.media-amazon.com/images/I/51b-bSsH2tS._AC_UL320_.jpg|https://m.media-amazon.com/images/I/111mHoVK0kL._SS200_.png|
2947,https://www.amazon.com/L-Girl-Ultimate-lipliner/dp/B0759XGJDS/ref=sr_1_56?crid=1I3GRQ5VHAC4S&keywords=lipliner&qid=1668626051&sprefix=lipliner%2Caps%2C87&sr=8-56,"L.A. Girl Ultimate Intense Stay Auto Lipliner, Keep It Spicy, 0.01 oz.,Brown,GP343",1 Count (Pack of 1),4.5 out of 5 stars,358,$6.54,"FREE delivery Wed, Nov 23 on $25 of items shipped by AmazonOr fastest delivery Sun, Nov 20|",B0759XGJDS,https://m.media-amazon.com/images/I/51O-L0nqJ7L._AC_UL320_.jpg
2948,https://www.amazon.com/l-f-Triangle-Sculpting-Filling-Long-Lasting/dp/B09XMWB26Z/ref=sr_1_57?crid=1I3GRQ5VHAC4S&keywords=lipliner&qid=1668626051&sprefix=lipliner%2Caps%2C87&sr=8-57,"e.l.f. Love Triangle Lip Filler Liner, 2-in-1 Lip Liner Pencil For Sculpting & Filling, Long-Lasting Intense Color, Deep Brown",1 Count (Pack of 1),4.3 out of 5 stars,358,$4.00,"FREE delivery Tue, Nov 22 on $25 of items shipped by AmazonOr fastest delivery Fri, Nov 18|",B09XMWB26Z,https://m.media-amazon.com/images/I/51MMkDVDR5L._AC_UL320_.jpg
2949,https://www.amazon.com/sspa/click?ie=UTF8&spc=MTozMDA2MjE5NTA0OTYwMDg2OjE2Njg2MjYwNTE6c3BfYnRmOjIwMDA5NTcxOTIwODM5ODo6MDo6&url=%2FWet-Perfect-Liner-0-007-Mauves%2Fdp%2FB07PKW2MKF%2Fref%3Dsr_1_58_sspa%3Fcrid%3D1I3GRQ5VHAC4S%26keywords%3Dlipliner%26qid%3D1668626051%26sprefix%3Dlipliner%252Caps%252C87%26sr%3D8-58-spons%26sp_csd%3Dd2lkZ2V0TmFtZT1zcF9idGY%26psc%3D1,"Lip Liner By Wet n Wild Perfect Pout Matte Retractable Gel Lip Liner Pencil, Purple Lay Down the Mauves",Sponsored,4.5 out of 5 stars,"1,360",$3.18,"FREE delivery Tue, Nov 22 on $25 of items shipped by AmazonOr fastest delivery Fri, Nov 18|",B07PKW2MKF,https://m.media-amazon.com/images/I/71S754TWA1L._AC_UL320_.jpg
2950,https://www.amazon.com/sspa/click?ie=UTF8&spc=MTozMDA2MjE5NTA0OTYwMDg2OjE2Njg2MjYwNTE6c3BfYnRmOjIwMDAxMjc3NzQ2MjE3MTo6MDo6&url=%2FJolie-Pencil-Classic-Lipliner-Definer%2Fdp%2FB01FVAD86Q%2Fref%3Dsr_1_59_sspa%3Fcrid%3D1I3GRQ5VHAC4S%26keywords%3Dlipliner%26qid%3D1668626051%26sprefix%3Dlipliner%252Caps%252C87%26sr%3D8-59-spons%26sp_csd%3Dd2lkZ2V0TmFtZT1zcF9idGY%26psc%3D1,Jolie Slim Lip Pencil Classic Lipliner Definer (Merlot),Sponsored,3.3 out of 5 stars,14,$16.95,"FREE delivery Tue, Nov 22 on $25 of items shipped by AmazonOr fastest delivery Sat, Nov 19||Small Business|Small Business|Small Business|<img alt="""" src=""https://m.media-amazon.com/images/I/111mHoVK0kL._SS200_.png"" height=""50px"" width=""50px""/>  Small Business|<img alt="""" src=""https://m.media-amazon.com/images/I/111mHoVK0kL._SS200_.png"" height=""50px"" width=""50px""/>  Small Business",B01FVAD86Q,https://m.media-amazon.com/images/I/21TidYg3PZL._AC_UL320_.jpg|https://m.media-amazon.com/images/I/111mHoVK0kL._SS200_.png|
2951,https://www.amazon.com/sspa/click?ie=UTF8&spc=MTozMDA2MjE5NTA0OTYwMDg2OjE2Njg2MjYwNTE6c3BfYnRmOjIwMDA2MjczODU1MjA5ODo6MDo6&url=%2FMarcelle-Velvet-Waterproof-Hypoallergenic-Fragrance-Free%2Fdp%2FB071QWPX88%2Fref%3Dsr_1_60_sspa%3Fcrid%3D1I3GRQ5VHAC4S%26keywords%3Dlipliner%26qid%3D1668626051%26sprefix%3Dlipliner%252Caps%252C87%26sr%3D8-60-spons%26sp_csd%3Dd2lkZ2V0TmFtZT1zcF9idGY%26psc%3D1,"Marcelle Velvet Gel Waterproof Lip Liner, Rosy Nude, Hypoallergenic and Fragrance-Free, 0.04 oz",Sponsored,4.1 out of 5 stars,44,$14.00,"FREE delivery Tue, Nov 22 on $25 of items shipped by AmazonOr fastest delivery Fri, Nov 18|",B071QWPX88,https://m.media-amazon.com/images/I/51u41lXlFNL._AC_UL320_.jpg
2952,https://aax-us-iad.amazon.com/x/c/RPU79fSS0GFNvI0L93HhTsoAAAGEgdzy3gEAAAH2AQBOL0EgICAgICAgICAgICBOL0EgICAgICAgICAgICChGP2y/https://www.amazon.com/dp/B089FBPMC6?pd_rd_i=B089FBPMC6&pf_rd_p=55defc4a-7c1e-47a7-8d1d-5cc458cca688&pf_rd_r=0ZR5TF8BNPBXEQAX3W9R&pd_rd_wg=VevPL&pd_rd_w=gYviE&pd_rd_r=fd516548-573d-4b69-b1cd-428b66c4aa19,"7Pcs Matte Liquid Lipstick + 1Pcs Lip Plumper Makeup Set Kit, Long Lasting Waterproof Velvet Lip Gloss Set, Pigmented Lip Makeup Gift Sets for Girls and Women",Sponsored,4.2 out of 5 stars,"19,853",$9.99,"FREE delivery Tue, Nov 22 on $25 of items shipped by AmazonOr fastest delivery Fri, Nov 18|",,
2959,https://www.amazon.com/sspa/click?ie=UTF8&spc=MTo0MDM1MDk4OTgzOTY4NzgwOjE2Njg2MjYxMTk6c3BfYXRmOjIwMDAyMjM2NzM4MDA2MTo6MDo6&url=%2FDermablend-Setting-Powder-Original-Translucent%2Fdp%2FB0002RI2PG%2Fref%3Dsr_1_1_sspa%3Fkeywords%3Dsetting%2Bpowder%26qid%3D1668626119%26sprefix%3Dsetting%252Caps%252C87%26sr%3D8-1-spons%26sp_csd%3Dd2lkZ2V0TmFtZT1zcF9hdGY%26psc%3D1,"Dermablend Loose Setting Powder, Face Powder Makeup & Finishing Powder for Light, Medium & Tan Skin Tones",Sponsored,4.4 out of 5 stars,"11,739",$29.00,"FREE delivery Tue, Nov 22 Or fastest delivery Fri, Nov 18||Small Business|Small Business|Small Business|<img alt="""" src=""https://m.media-amazon.com/images/I/111mHoVK0kL._SS200_.png"" height=""50px"" width=""50px""/>  Small Business|<img alt="""" src=""https://m.media-amazon.com/images/I/111mHoVK0kL._SS200_.png"" height=""50px"" width=""50px""/>  Small Business",B0002RI2PG,https://m.media-amazon.com/images/I/71Zc8M1uG0L._AC_UL320_.jpg|https://m.media-amazon.com/images/I/111mHoVK0kL._SS200_.png|
2960,https://www.amazon.com/sspa/click?ie=UTF8&spc=MTo0MDM1MDk4OTgzOTY4NzgwOjE2Njg2MjYxMTk6c3BfYXRmOjIwMDAyNzQxMjE0NTI4MTo6MDo6&url=%2FAnastasia-Beverly-Hills-Setting-Vanilla%2Fdp%2FB085W9QQJS%2Fref%3Dsr_1_2_sspa%3Fkeywords%3Dsetting%2Bpowder%26qid%3D1668626119%26sprefix%3Dsetting%252Caps%252C87%26sr%3D8-2-spons%26sp_csd%3Dd2lkZ2V0TmFtZT1zcF9hdGY%26psc%3D1,Anastasia Beverly Hills - Loose Setting Powder,Sponsored,4.6 out of 5 stars,844,$38.00,"FREE delivery Tue, Nov 22 Or fastest delivery Mon, Nov 21|",B085W9QQJS,https://m.media-amazon.com/images/I/61hO7IqzFTL._AC_UL320_.jpg
2961,https://www.amazon.com/sspa/click?ie=UTF8&spc=MTo0MDM1MDk4OTgzOTY4NzgwOjE2Njg2MjYxMTk6c3BfYXRmOjIwMDAxNDg2MDY4NTM4MTo6MDo6&url=%2FAesthetica-Translucent-Loose-Setting-Powder%2Fdp%2FB01IE2KT8S%2Fref%3Dsr_1_3_sspa%3Fkeywords%3Dsetting%2Bpowder%26qid%3D1668626119%26sprefix%3Dsetting%252Caps%252C87%26sr%3D8-3-spons%26sp_csd%3Dd2lkZ2V0TmFtZT1zcF9hdGY%26psc%3D1,Aesthetica Translucent Setting Powder – Matte Finishing Makeup Loose Setting Powder – Flash Friendly Translucent Powder Foundation - Loose Face Powder Includes Velour Puff,Sponsored,4.3 out of 5 stars,"6,569",$19.97,"FREE delivery Tue, Nov 22 on $25 of items shipped by AmazonOr fastest delivery Fri, Nov 18||Small Business|Small Business|Small Business|<img alt="""" src=""https://m.media-amazon.com/images/I/111mHoVK0kL._SS200_.png"" height=""50px"" width=""50px""/>  Small Business|<img alt="""" src=""https://m.media-amazon.com/images/I/111mHoVK0kL._SS200_.png"" height=""50px"" width=""50px""/>  Small Business",B01IE2KT8S,https://m.media-amazon.com/images/I/61pH3Su7A7L._AC_UL320_.jpg|https://m.media-amazon.com/images/I/111mHoVK0kL._SS200_.png|
2962,https://www.amazon.com/sspa/click?ie=UTF8&spc=MTo0MDM1MDk4OTgzOTY4NzgwOjE2Njg2MjYxMTk6c3BfYXRmOjIwMDA3MjI1Mjc4MTcxMTo6MDo6&url=%2FSKINFOOD-Peach-Cotton-Finish-Powder%2Fdp%2FB07J58HB6D%2Fref%3Dsr_1_4_sspa%3Fkeywords%3Dsetting%2Bpowder%26qid%3D1668626119%26sprefix%3Dsetting%252Caps%252C87%26sr%3D8-4-spons%26sp_csd%3Dd2lkZ2V0TmFtZT1zcF9hdGY%26psc%3D1%26smid%3DA8F5P8QPL9EEN,SKINFOOD Peach Cotton Multi Finish Powder 5g - Korean Peach Extract & Calamin Sebum Control Face Powder - Silky Setting Powder - Setting Powder for Oily Skin - Sweet Peach Scent for Soft Skin,Sponsored,4.5 out of 5 stars,"2,194",$9.99,"FREE delivery Tue, Nov 22 on $25 of items shipped by AmazonOr fastest delivery Sat, Nov 19|",B07J58HB6D,https://m.media-amazon.com/images/I/61q+s0UnabL._AC_UL320_.jpg
2963,https://www.amazon.com/Coty-Airspun-Powder-Translucent-Coverage/dp/B000052Z5D/ref=sr_1_5?keywords=setting+powder&qid=1668626119&sprefix=setting%2Caps%2C87&sr=8-5,"Coty Airspun Face Powder, Translucent Extra Coverage, 2.3 Ounce, Pack of 1",1 Count (Pack of 1),4.5 out of 5 stars,"104,861",$4.29,"FREE delivery Tue, Nov 22 on $25 of items shipped by AmazonOr fastest delivery Sat, Nov 19|",B000052Z5D,https://m.media-amazon.com/images/I/81j3I3Bl9GL._AC_UL320_.jpg
2964,https://www.amazon.com/Setting-Weightless-Blurring-Minimizes-Semi-Matte/dp/B07ZR111LV/ref=sr_1_6?keywords=setting+powder&qid=1668626119&sprefix=setting%2Caps%2C87&sr=8-6,"e.l.f, Halo Glow Setting Powder, Silky, Weightless, Blurring, Smooths, Minimizes Pores and Fine Lines, Creates Soft Focus Effect, Light, Semi-Matte Finish, 0.24 Oz",0.24 Ounce (Pack of 1),4.5 out of 5 stars,"4,112",$7.78,FREE delivery on $25 shipped by Amazon.,B07ZR111LV,https://m.media-amazon.com/images/I/71ZqCoZ1svL._AC_UL320_.jpg
2965,https://www.amazon.com/Makeup-Revolution-Luxury-Banana-Powder/dp/B01N16A70T/ref=sr_1_7?keywords=setting+powder&qid=1668626119&sprefix=setting%2Caps%2C87&sr=8-7,"Makeup Revolution Loose Baking Powder, Make Up Setting Powder, Provides Long-lasting Coverage, Reduces Shine, For Medium Skin Tones, Banana, 32g",1.12 Ounce (Pack of 1),4.4 out of 5 stars,"3,871",$8.00,"FREE delivery Tue, Nov 22 on $25 of items shipped by AmazonOr fastest delivery Fri, Nov 18|",B01N16A70T,https://m.media-amazon.com/images/I/71M5nL+hCWL._AC_UL320_.jpg
2966,https://www.amazon.com/sspa/click?ie=UTF8&spc=MTo3ODUwNjM0MzU5Nzk2NTU5OjE2Njg2MjYxMTk6c3Bfc2VhcmNoX3RoZW1hdGljOjIwMDAyMjM2NzM4MDA2MTo6MDo6&url=%2FDermablend-Setting-Powder-Original-Translucent%2Fdp%2FB0002RI2PG%2Fref%3Dsxin_13_pa_sp_search_thematic_sspa%3Fcontent-id%3Damzn1.sym.4e7a2229-074e-44de-95c4-9fd858f46295%253Aamzn1.sym.4e7a2229-074e-44de-95c4-9fd858f46295%26cv_ct_cx%3Dsetting%2Bpowder%26keywords%3Dsetting%2Bpowder%26pd_rd_i%3DB0002RI2PG%26pd_rd_r%3D1a043427-5476-4b7d-8468-8880b8defc77%26pd_rd_w%3DHh40g%26pd_rd_wg%3DUuTiH%26pf_rd_p%3D4e7a2229-074e-44de-95c4-9fd858f46295%26pf_rd_r%3DXNQECE6VR1MMRMJHCCYV%26qid%3D1668626119%26sprefix%3Dsetting%252Caps%252C87%26sr%3D1-1-a73d1c8c-2fd2-4f19-aa41-2df022bcb241-spons%26sp_csd%3Dd2lkZ2V0TmFtZT1zcF9zZWFyY2hfdGhlbWF0aWM%26psc%3D1,"Dermablend Loose Setting Powder, Face Powder Makeup & Finishing Powder for Light, Medium & Tan Skin Tones",($29.00/Ounce),4.4 out of 5 stars|4.3 out of 5 stars|4.4 out of 5 stars|4.2 out of 5 stars|4.7 out of 5 stars,"11,739|1,636|4,230|6,352|4,967",$29.00,"Small Business|Small Business|Small Business|<img alt="""" src=""https://m.media-amazon.com/images/I/111mHoVK0kL._SS200_.png"" height=""50px"" width=""50px""/>  Small Business|<img alt="""" src=""https://m.media-amazon.com/images/I/111mHoVK0kL._SS200_.png"" height=""50px"" width=""50px""/>  Small Business",,https://m.media-amazon.com/images/I/71Zc8M1uG0L._AC_UL320_.jpg|https://m.media-amazon.com/images/I/111mHoVK0kL._SS200_.png||https://m.media-amazon.com/images/I/81ZUbJlbJ-L._AC_UL320_.jpg|https://m.media-amazon.com/images/I/91T2TQ8BVYL._AC_UL320_.jpg|https://m.media-amazon.com/images/I/81PlMuN-+gL._AC_UL320_.jpg|https://m.media-amazon.com/images/I/613gfrKi9TL._AC_UL320_.jpg
2967,https://www.amazon.com/sspa/click?ie=UTF8&spc=MTo3ODUwNjM0MzU5Nzk2NTU5OjE2Njg2MjYxMTk6c3Bfc2VhcmNoX3RoZW1hdGljOjIwMDAyMjM2NzM4MDA2MTo6MDo6&url=%2FDermablend-Setting-Powder-Original-Translucent%2Fdp%2FB0002RI2PG%2Fref%3Dsxin_13_pa_sp_search_thematic_sspa%3Fcontent-id%3Damzn1.sym.4e7a2229-074e-44de-95c4-9fd858f46295%253Aamzn1.sym.4e7a2229-074e-44de-95c4-9fd858f46295%26cv_ct_cx%3Dsetting%2Bpowder%26keywords%3Dsetting%2Bpowder%26pd_rd_i%3DB0002RI2PG%26pd_rd_r%3D1a043427-5476-4b7d-8468-8880b8defc77%26pd_rd_w%3DHh40g%26pd_rd_wg%3DUuTiH%26pf_rd_p%3D4e7a2229-074e-44de-95c4-9fd858f46295%26pf_rd_r%3DXNQECE6VR1MMRMJHCCYV%26qid%3D1668626119%26sprefix%3Dsetting%252Caps%252C87%26sr%3D1-1-a73d1c8c-2fd2-4f19-aa41-2df022bcb241-spons%26sp_csd%3Dd2lkZ2V0TmFtZT1zcF9zZWFyY2hfdGhlbWF0aWM%26psc%3D1,"Dermablend Loose Setting Powder, Face Powder Makeup & Finishing Powder for Light, Medium & Tan Skin Tones",($29.00/Ounce),4.4 out of 5 stars,"11,739",$29.00,"Small Business|Small Business|Small Business|<img alt="""" src=""https://m.media-amazon.com/images/I/111mHoVK0kL._SS200_.png"" height=""50px"" width=""50px""/>  Small Business|<img alt="""" src=""https://m.media-amazon.com/images/I/111mHoVK0kL._SS200_.png"" height=""50px"" width=""50px""/>  Small Business",B0002RI2PG,https://m.media-amazon.com/images/I/71Zc8M1uG0L._AC_UL320_.jpg|https://m.media-amazon.com/images/I/111mHoVK0kL._SS200_.png|
2968,https://www.amazon.com/sspa/click?ie=UTF8&spc=MTo3ODUwNjM0MzU5Nzk2NTU5OjE2Njg2MjYxMTk6c3Bfc2VhcmNoX3RoZW1hdGljOjIwMDA0MDcwNzMwNDk5ODo6MTo6&url=%2FMario-Badescu-Special-Healing-Powder%2Fdp%2FB000O5TWHS%2Fref%3Dsxin_13_pa_sp_search_thematic_sspa%3Fcontent-id%3Damzn1.sym.4e7a2229-074e-44de-95c4-9fd858f46295%253Aamzn1.sym.4e7a2229-074e-44de-95c4-9fd858f46295%26cv_ct_cx%3Dsetting%2Bpowder%26keywords%3Dsetting%2Bpowder%26pd_rd_i%3DB000O5TWHS%26pd_rd_r%3D1a043427-5476-4b7d-8468-8880b8defc77%26pd_rd_w%3DHh40g%26pd_rd_wg%3DUuTiH%26pf_rd_p%3D4e7a2229-074e-44de-95c4-9fd858f46295%26pf_rd_r%3DXNQECE6VR1MMRMJHCCYV%26qid%3D1668626119%26sprefix%3Dsetting%252Caps%252C87%26sr%3D1-2-a73d1c8c-2fd2-4f19-aa41-2df022bcb241-spons%26sp_csd%3Dd2lkZ2V0TmFtZT1zcF9zZWFyY2hfdGhlbWF0aWM%26psc%3D1,"Mario Badescu Special Healing Powder , 0.5 Ounce (Pack of 1)",0.5 Ounce (Pack of 1),4.3 out of 5 stars,"1,636",$12.00,,B000O5TWHS,https://m.media-amazon.com/images/I/81ZUbJlbJ-L._AC_UL320_.jpg
2969,https://www.amazon.com/sspa/click?ie=UTF8&spc=MTo3ODUwNjM0MzU5Nzk2NTU5OjE2Njg2MjYxMTk6c3Bfc2VhcmNoX3RoZW1hdGljOjIwMDEwNDU2NDU5MzU5ODo6Mjo6&url=%2FPhysicians-Formula-Mineral-Pressed-Translucent%2Fdp%2FB001MV5UOM%2Fref%3Dsxin_13_pa_sp_search_thematic_sspa%3Fcontent-id%3Damzn1.sym.4e7a2229-074e-44de-95c4-9fd858f46295%253Aamzn1.sym.4e7a2229-074e-44de-95c4-9fd858f46295%26cv_ct_cx%3Dsetting%2Bpowder%26keywords%3Dsetting%2Bpowder%26pd_rd_i%3DB001MV5UOM%26pd_rd_r%3D1a043427-5476-4b7d-8468-8880b8defc77%26pd_rd_w%3DHh40g%26pd_rd_wg%3DUuTiH%26pf_rd_p%3D4e7a2229-074e-44de-95c4-9fd858f46295%26pf_rd_r%3DXNQECE6VR1MMRMJHCCYV%26qid%3D1668626119%26sprefix%3Dsetting%252Caps%252C87%26sr%3D1-3-a73d1c8c-2fd2-4f19-aa41-2df022bcb241-spons%26sp_csd%3Dd2lkZ2V0TmFtZT1zcF9zZWFyY2hfdGhlbWF0aWM%26psc%3D1,"Physicians Formula Mineral Wear Pressed Powder, Translucent, 0.30 Ounce",0.3 Ounce (Pack of 1),4.4 out of 5 stars,"4,230",$11.98,,B001MV5UOM,https://m.media-amazon.com/images/I/91T2TQ8BVYL._AC_UL320_.jpg
2970,https://www.amazon.com/sspa/click?ie=UTF8&spc=MTo3ODUwNjM0MzU5Nzk2NTU5OjE2Njg2MjYxMTk6c3Bfc2VhcmNoX3RoZW1hdGljOjIwMDEwNDU0NjkxMjc5ODo6Mzo6&url=%2FPhysicians-Formula-Mineral-Talc-Free-Airbrushing%2Fdp%2FB006WZ9NMI%2Fref%3Dsxin_13_pa_sp_search_thematic_sspa%3Fcontent-id%3Damzn1.sym.4e7a2229-074e-44de-95c4-9fd858f46295%253Aamzn1.sym.4e7a2229-074e-44de-95c4-9fd858f46295%26cv_ct_cx%3Dsetting%2Bpowder%26keywords%3Dsetting%2Bpowder%26pd_rd_i%3DB006WZ9NMI%26pd_rd_r%3D1a043427-5476-4b7d-8468-8880b8defc77%26pd_rd_w%3DHh40g%26pd_rd_wg%3DUuTiH%26pf_rd_p%3D4e7a2229-074e-44de-95c4-9fd858f46295%26pf_rd_r%3DXNQECE6VR1MMRMJHCCYV%26qid%3D1668626119%26sprefix%3Dsetting%252Caps%252C87%26sr%3D1-4-a73d1c8c-2fd2-4f19-aa41-2df022bcb241-spons%26sp_csd%3Dd2lkZ2V0TmFtZT1zcF9zZWFyY2hfdGhlbWF0aWM%26psc%3D1,Physicians Formula Mineral Wear Talc-Free Mineral Airbrushing Pressed Powder SPF 30 Beige,0.26 Ounce (Pack of 1),4.2 out of 5 stars,"6,352",$6.82,,B006WZ9NMI,https://m.media-amazon.com/images/I/81PlMuN-+gL._AC_UL320_.jpg
2971,https://www.amazon.com/sspa/click?ie=UTF8&spc=MTo3ODUwNjM0MzU5Nzk2NTU5OjE2Njg2MjYxMTk6c3Bfc2VhcmNoX3RoZW1hdGljOjIwMDA5NDI2OTEwNzc4MTo6NDo6&url=%2Fjane-iredale-PurePressed-Mineral-Foundation%2Fdp%2FB00PC0ZWHO%2Fref%3Dsxin_13_pa_sp_search_thematic_sspa%3Fcontent-id%3Damzn1.sym.4e7a2229-074e-44de-95c4-9fd858f46295%253Aamzn1.sym.4e7a2229-074e-44de-95c4-9fd858f46295%26cv_ct_cx%3Dsetting%2Bpowder%26keywords%3Dsetting%2Bpowder%26pd_rd_i%3DB00PC0ZWHO%26pd_rd_r%3D1a043427-5476-4b7d-8468-8880b8defc77%26pd_rd_w%3DHh40g%26pd_rd_wg%3DUuTiH%26pf_rd_p%3D4e7a2229-074e-44de-95c4-9fd858f46295%26pf_rd_r%3DXNQECE6VR1MMRMJHCCYV%26qid%3D1668626119%26sprefix%3Dsetting%252Caps%252C87%26sr%3D1-5-a73d1c8c-2fd2-4f19-aa41-2df022bcb241-spons%26sp_csd%3Dd2lkZ2V0TmFtZT1zcF9zZWFyY2hfdGhlbWF0aWM%26psc%3D1,"jane iredale PurePressed Base Mineral Foundation Refill or Refillable Compact Set| Semi Matte Pressed Powder with SPF | Talc Free, Vegan, Cruelty-Free",0.35 Ounce (Pack of 1),4.7 out of 5 stars,"4,967",$46.00,,B00PC0ZWHO,https://m.media-amazon.com/images/I/613gfrKi9TL._AC_UL320_.jpg
2972,https://aax-us-iad.amazon.com/x/c/RAVjaZnON9TU-npZ2AUjUXkAAAGEgd38RQEAAAH2AQBOL0EgICAgICAgICAgICBOL0EgICAgICAgICAgICCU-XwV/https://www.amazon.com/dp/B09V5RDKP4?pd_rd_i=B09V5RDKP4&pf_rd_p=b000e0a0-9e93-480f-bf78-a83c8136dfcb&pf_rd_r=XNQECE6VR1MMRMJHCCYV&pd_rd_wg=UuTiH&pd_rd_w=IUyKo&pd_rd_r=1a043427-5476-4b7d-8468-8880b8defc77,6 Pieces Powder Puff Face Makeup Velour Soft Triangle Powder Puffs - for Loose Powder Mineral Powder Body Powder Wet Dry Cosmetic Foundation Sponge Makeup Tool,Sponsored,4.7 out of 5 stars,"2,178",$5.59,"FREE delivery Tue, Nov 22 on $25 of items shipped by AmazonOr fastest delivery Fri, Nov 18|",,
2973,https://www.amazon.com/sspa/click?ie=UTF8&spc=MTo4OTI3MjAwMjQ0MTYxMDM3OjE2Njg2MjYxMTk6c3Bfc2VhcmNoX3RoZW1hdGljOjo6MDpCMDA1NTVQQUJPOnNlYXJjaA&url=%2FAirspun-Setting-Foundation-Lightweight-Lasting%2Fdp%2FB00555PABO%2Fref%3Dsxin_15_pa_sp_search_thematic-asin_sspa%3Fcontent-id%3Damzn1.sym.4228d1d7-b9a2-4dcc-9504-1ef42bcf486a%253Aamzn1.sym.4228d1d7-b9a2-4dcc-9504-1ef42bcf486a%26cv_ct_cx%3Dsetting%2Bpowder%26keywords%3Dsetting%2Bpowder%26pd_rd_i%3DB00555PABO%26pd_rd_r%3D1a043427-5476-4b7d-8468-8880b8defc77%26pd_rd_w%3D8CCIK%26pd_rd_wg%3DUuTiH%26pf_rd_p%3D4228d1d7-b9a2-4dcc-9504-1ef42bcf486a%26pf_rd_r%3DXNQECE6VR1MMRMJHCCYV%26qid%3D1668626119%26sprefix%3Dsetting%252Caps%252C87%26sr%3D1-1-4a643ae4-6005-4b15-bc31-2c5125e2b25b-spons%26sp_csd%3Dd2lkZ2V0TmFtZT1zcF9zZWFyY2hfdGhlbWF0aWM%26psc%3D1,"Coty Airspun Loose Face Powder 2.3 oz. Suntan Tone Loose Face Powder, for Setting Makeup or as Foundation, Lightweight, Long Lasting,Pack of 1",1 Count (Pack of 1),4.5 out of 5 stars|4.6 out of 5 stars|4.3 out of 5 stars|4.6 out of 5 stars|4.7 out of 5 stars|4.4 out of 5 stars|4.3 out of 5 stars|4.4 out of 5 stars,"104,861|8,736|1,579|94|1,568|998|966|852",$5.72,"Climate Pledge Friendly|Climate Pledge Friendly|Climate Pledge Friendly|<img alt="""" src=""https://m.media-amazon.com/images/I/216-OX9rBaL._SS200_.png"" height=""50px"" width=""50px""/>  Climate Pledge Friendly|<img alt="""" src=""https://m.media-amazon.com/images/I/216-OX9rBaL._SS200_.png"" height=""50px"" width=""50px""/>  Climate Pledge Friendly|<img alt="""" src=""https://m.media-amazon.com/images/I/41Y2L-DZWfL._SS200_.png"" height=""50px"" width=""50px""/> Compact by Design (Certified by Amazon)|Climate Pledge Friendly|Climate Pledge Friendly|Climate Pledge Friendly|<img alt="""" src=""https://m.media-amazon.com/images/I/216-OX9rBaL._SS200_.png"" height=""50px"" width=""50px""/>  Climate Pledge Friendly|<img alt="""" src=""https://m.media-amazon.com/images/I/216-OX9rBaL._SS200_.png"" height=""50px"" width=""50px""/>  Climate Pledge Friendly|<img alt="""" src=""https://m.media-amazon.com/images/I/41Y2L-DZWfL._SS200_.png"" height=""50px"" width=""50px""/> Compact by Design (Certified by Amazon)|Climate Pledge Friendly|Climate Pledge Friendly|Climate Pledge Friendly|<img alt="""" src=""https://m.media-amazon.com/images/I/216-OX9rBaL._SS200_.png"" height=""50px"" width=""50px""/>  Climate Pledge Friendly|<img alt="""" src=""https://m.media-amazon.com/images/I/216-OX9rBaL._SS200_.png"" height=""50px"" width=""50px""/>  Climate Pledge Friendly|<img alt="""" src=""https://m.media-amazon.com/images/I/31OPjlesFNL._SS200_.png"" height=""50px"" width=""50px""/> EWG Verified|Climate Pledge Friendly  Small Business|Climate Pledge Friendly|Climate Pledge Friendly|Small Business|Small Business|<img alt="""" src=""https://m.media-amazon.com/images/I/216-OX9rBaL._SS200_.png"" height=""50px"" width=""50px""/>  Climate Pledge Friendly|<img alt="""" src=""https://m.media-amazon.com/images/I/216-OX9rBaL._SS200_.png"" height=""50px"" width=""50px""/>  Climate Pledge Friendly|<img alt="""" src=""https://m.media-amazon.com/images/I/51Xs1-s-2hL._SS200_.jpg"" height=""50px"" width=""50px""/> Natrue|<img alt="""" src=""https://m.media-amazon.com/images/I/111mHoVK0kL._SS200_.png"" height=""50px"" width=""50px""/>  Small Business|<img alt="""" src=""https://m.media-amazon.com/images/I/111mHoVK0kL._SS200_.png"" height=""50px"" width=""50px""/>  Small Business|Climate Pledge Friendly|Climate Pledge Friendly|Climate Pledge Friendly|<img alt="""" src=""https://m.media-amazon.com/images/I/216-OX9rBaL._SS200_.png"" height=""50px"" width=""50px""/>  Climate Pledge Friendly|<img alt="""" src=""https://m.media-amazon.com/images/I/216-OX9rBaL._SS200_.png"" height=""50px"" width=""50px""/>  Climate Pledge Friendly|<img alt="""" src=""https://m.media-amazon.com/images/I/41Y2L-DZWfL._SS200_.png"" height=""50px"" width=""50px""/> Compact by Design (Certified by Amazon)|Climate Pledge Friendly  Small Business|Climate Pledge Friendly|Climate Pledge Friendly|Small Business|Small Business|<img alt="""" src=""https://m.media-amazon.com/images/I/216-OX9rBaL._SS200_.png"" height=""50px"" width=""50px""/>  Climate Pledge Friendly|<img alt="""" src=""https://m.media-amazon.com/images/I/216-OX9rBaL._SS200_.png"" height=""50px"" width=""50px""/>  Climate Pledge Friendly|<img alt="""" src=""https://m.media-amazon.com/images/I/41Y2L-DZWfL._SS200_.png"" height=""50px"" width=""50px""/> Compact by Design (Certified by Amazon)|<img alt="""" src=""https://m.media-amazon.com/images/I/111mHoVK0kL._SS200_.png"" height=""50px"" width=""50px""/>  Small Business|<img alt="""" src=""https://m.media-amazon.com/images/I/111mHoVK0kL._SS200_.png"" height=""50px"" width=""50px""/>  Small Business|Climate Pledge Friendly|Climate Pledge Friendly|Climate Pledge Friendly|<img alt="""" src=""https://m.media-amazon.com/images/I/216-OX9rBaL._SS200_.png"" height=""50px"" width=""50px""/>  Climate Pledge Friendly|<img alt="""" src=""https://m.media-amazon.com/images/I/216-OX9rBaL._SS200_.png"" height=""50px"" width=""50px""/>  Climate Pledge Friendly|<img alt="""" src=""https://m.media-amazon.com/images/I/41Y2L-DZWfL._SS200_.png"" height=""50px"" width=""50px""/> Compact by Design (Certified by Amazon)|Climate Pledge Friendly|Climate Pledge Friendly|Climate Pledge Friendly|<img alt="""" src=""https://m.media-amazon.com/images/I/216-OX9rBaL._SS200_.png"" height=""50px"" width=""50px""/>  Climate Pledge Friendly|<img alt="""" src=""https://m.media-amazon.com/images/I/216-OX9rBaL._SS200_.png"" height=""50px"" width=""50px""/>  Climate Pledge Friendly|<img alt="""" src=""https://m.media-amazon.com/images/I/41Y2L-DZWfL._SS200_.png"" height=""50px"" width=""50px""/> Compact by Design (Certified by Amazon)",,https://m.media-amazon.com/images/I/71sRvPjIaGL._AC_UL320_.jpg|https://m.media-amazon.com/images/I/216-OX9rBaL._SS200_.png|||https://m.media-amazon.com/images/I/713FIS7NnGL._AC_UL320_.jpg|https://m.media-amazon.com/images/I/216-OX9rBaL._SS200_.png|||https://m.media-amazon.com/images/I/61gYqffd8lL._AC_UL320_.jpg|https://m.media-amazon.com/images/I/216-OX9rBaL._SS200_.png|||https://m.media-amazon.com/images/I/71tT4kziagL._AC_UL320_.jpg|https://m.media-amazon.com/images/I/216-OX9rBaL._SS200_.png|https://m.media-amazon.com/images/I/111mHoVK0kL._SS200_.png||||https://m.media-amazon.com/images/I/51YpLwJEb8L._AC_UL320_.jpg|https://m.media-amazon.com/images/I/216-OX9rBaL._SS200_.png|||https://m.media-amazon.com/images/I/71S6DeNs2vL._AC_UL320_.jpg|https://m.media-amazon.com/images/I/216-OX9rBaL._SS200_.png|https://m.media-amazon.com/images/I/111mHoVK0kL._SS200_.png||||https://m.media-amazon.com/images/I/71pqGp3+zmL._AC_UL320_.jpg|https://m.media-amazon.com/images/I/216-OX9rBaL._SS200_.png|||https://m.media-amazon.com/images/I/31HHemrE93L._AC_UL320_.jpg|https://m.media-amazon.com/images/I/216-OX9rBaL._SS200_.png||
2975,https://www.amazon.com/NYX-PROFESSIONAL-MAKEUP-Definition-Translucent/dp/B014WOHZES/ref=sr_1_8_mod_primary_new?keywords=setting+powder&qid=1668626119&sbo=RZvfv%2F%2FHxDF%2BO5021pAnSA%3D%3D&sprefix=setting%2Caps%2C87&sr=8-8,"NYX PROFESSIONAL MAKEUP HD Finishing Powder, Pressed Setting Powder - Translucent",0.28 Ounce (Pack of 1),4.5 out of 5 stars,"6,778|Another way to buy|$10.63$10.63|$10.63$10.63|FREE delivery Tue, Nov 22 on $25 of items shipped by AmazonOr fastest delivery Fri, Nov 18",$7.84,"FREE delivery Nov 23 - Dec 1 Or fastest delivery Nov 22 - 23|FREE delivery Tue, Nov 22 on $25 of items shipped by AmazonOr fastest delivery Fri, Nov 18|",B014WOHZES,https://m.media-amazon.com/images/I/818RJ9MCfNL._AC_UL320_.jpg
2976,https://www.amazon.com/l-f-Prime-Finishing-Powder-23211/dp/B01IM0LVFC/ref=sr_1_9?keywords=setting+powder&qid=1668626119&sprefix=setting%2Caps%2C87&sr=8-9,"e.l.f. Prime & Stay Finishing Powder, Sets Makeup, Controls Shine & Smooths Complexion, Sheer, 0.18 Oz (5g)",1 Count (Pack of 1),4.3 out of 5 stars,"14,848",$3.00,"FREE delivery Tue, Nov 22 on $25 of items shipped by AmazonOr fastest delivery Fri, Nov 18|",B01IM0LVFC,https://m.media-amazon.com/images/I/71DdroRjgdL._AC_UL320_.jpg
2977,https://www.amazon.com/Cosmetics-Poreless-Finish-Airbrush-Powder/dp/B002YR2D5W/ref=sr_1_10?keywords=setting+powder&qid=1668626119&sprefix=setting%2Caps%2C87&sr=8-10,"IT Cosmetics Bye Bye Pores - Poreless Finish Airbrush Powder - Universal Translucent Shade - Contains Anti-Aging Peptides, Silk, Hydrolyzed Collagen & Antioxidants - 0.23 oz",0.23 Ounce (Pack of 1),4.4 out of 5 stars,"3,957",$22.30,"FREE delivery on $25 shipped by Amazon.|Small Business|Small Business|Small Business|<img alt="""" src=""https://m.media-amazon.com/images/I/111mHoVK0kL._SS200_.png"" height=""50px"" width=""50px""/>  Small Business|<img alt="""" src=""https://m.media-amazon.com/images/I/111mHoVK0kL._SS200_.png"" height=""50px"" width=""50px""/>  Small Business",B002YR2D5W,https://m.media-amazon.com/images/I/61UcNLbPzkL._AC_UL320_.jpg|https://m.media-amazon.com/images/I/111mHoVK0kL._SS200_.png|
2978,https://www.amazon.com/Dermablend-Setting-Powder-Original-Translucent/dp/B0002RI2PG/ref=sr_1_11?keywords=setting+powder&qid=1668626119&sprefix=setting%2Caps%2C87&sr=8-11,"Dermablend Loose Setting Powder, Face Powder Makeup & Finishing Powder for Light, Medium & Tan Skin Tones",($29.00/Ounce),4.4 out of 5 stars,"11,739",$29.00,"FREE delivery Tue, Nov 22 Or fastest delivery Fri, Nov 18||Small Business|Small Business|Small Business|<img alt="""" src=""https://m.media-amazon.com/images/I/111mHoVK0kL._SS200_.png"" height=""50px"" width=""50px""/>  Small Business|<img alt="""" src=""https://m.media-amazon.com/images/I/111mHoVK0kL._SS200_.png"" height=""50px"" width=""50px""/>  Small Business",B0002RI2PG,https://m.media-amazon.com/images/I/71Zc8M1uG0L._AC_UL320_.jpg|https://m.media-amazon.com/images/I/111mHoVK0kL._SS200_.png|
2979,https://www.amazon.com/Maybelline-Loose-Finishing-Powder-Deep/dp/B06XDXBD9N/ref=sr_1_12?keywords=setting+powder&qid=1668626119&sprefix=setting%2Caps%2C87&sr=8-12,"Maybelline Fit Me Loose Finishing Powder, Deep, 1 Count",0.7 Ounce (Pack of 1),4.6 out of 5 stars,"38,421",$6.94,"FREE delivery Tue, Nov 22 on $25 of items shipped by AmazonOr fastest delivery Fri, Nov 18|",B06XDXBD9N,https://m.media-amazon.com/images/I/81jLFsIWT+S._AC_UL320_.jpg
2980,https://www.amazon.com/LOreal-Paris-Lightweight-Translucent-Light-medium/dp/B07X95TW3Z/ref=sr_1_13?keywords=setting+powder&qid=1668626119&sprefix=setting%2Caps%2C87&sr=8-13,"L'Oreal Paris Infallible Tinted Loose Setting Powders, Matte Finish, Lightweight, No White Cast, 2 Shades From Light To Deep, Translucent Light-medium, 0.26 Oz",0.26 Ounce (Pack of 1),4.5 out of 5 stars,854,$3.59,"FREE delivery Tue, Nov 22 on $25 of items shipped by AmazonOr fastest delivery Fri, Nov 18|",B07X95TW3Z,https://m.media-amazon.com/images/I/71h1zV8Y2mL._AC_UL320_.jpg
2981,https://www.amazon.com/Makeup-Revolution-Baking-Powder-Translucent/dp/B07NGR137Q/ref=sr_1_14?keywords=setting+powder&qid=1668626119&sprefix=setting%2Caps%2C87&sr=8-14,"Makeup Revolution Loose Baking Powder, Make Up Setting Powder, Provides Long-lasting Coverage, Reduces Shine, For All Skin Tones, Translucent, 32g",1.12 Ounce (Pack of 1),4.4 out of 5 stars,"2,338",$8.00,"FREE delivery Tue, Nov 22 on $25 of items shipped by AmazonOr fastest delivery Fri, Nov 18|",B07NGR137Q,https://m.media-amazon.com/images/I/31Gp5hbFT1L._AC_UL320_.jpg
2982,https://www.amazon.com/ColorStay-Mattifying-Absorbing-Imperfections-Appearance/dp/B09JB9T6QB/ref=sr_1_15?keywords=setting+powder&qid=1668626119&sprefix=setting%2Caps%2C87&sr=8-15,"Revlon ColorStay Blot Face Powder, Mattifying, Blurring & Oil Absorbing Setting Powder, Absorb Sebum, Blurs Imperfections and Reduces Pore Appearance, 0.5 oz",0.5 Ounce (Pack of 1),4.3 out of 5 stars,907,$7.93,"FREE delivery Tue, Nov 22 on $25 of items shipped by AmazonOr fastest delivery Fri, Nov 18|",B09JB9T6QB,https://m.media-amazon.com/images/I/81QqgkSgiwL._AC_UL320_.jpg
2983,https://www.amazon.com/NYX-Professional-Makeup-Finishing-Translucent/dp/B009GLQG6Q/ref=sr_1_16?keywords=setting+powder&qid=1668626119&sprefix=setting%2Caps%2C87&sr=8-16,"NYX PROFESSIONAL MAKEUP HD Studio Finishing Powder, Loose Setting Powder - Translucent Finish",0.21 Ounce (Pack of 1),4.3 out of 5 stars,"13,030",$9.88,"FREE delivery Tue, Nov 22 on $25 of items shipped by AmazonOr fastest delivery Fri, Nov 18|",B009GLQG6Q,https://m.media-amazon.com/images/I/5196xGH0ZvL._AC_UL320_.jpg
2984,https://www.amazon.com/sspa/click?ie=UTF8&spc=MTo0MDM1MDk4OTgzOTY4NzgwOjE2Njg2MjYxMTk6c3BfbXRmOjIwMDA5NjUyNzE3MzI5ODo6MDo6&url=%2FPimoys-Triangle-Mineral-Cosmetic-Foundation%2Fdp%2FB09K7N3V4R%2Fref%3Dsr_1_17_sspa%3Fkeywords%3Dsetting%2Bpowder%26qid%3D1668626119%26sprefix%3Dsetting%252Caps%252C87%26sr%3D8-17-spons%26sp_csd%3Dd2lkZ2V0TmFtZT1zcF9tdGY%26psc%3D1,Pimoys 6 Pieces Powder Puff Face Soft Triangle Makeup Puff for Loose Powder Mineral Powder Body Powder Velour Cosmetic Foundation Blender Sponge Beauty Makeup Tools(Black),Sponsored,4.7 out of 5 stars,"4,156",$7.99,"FREE delivery Tue, Nov 22 on $25 of items shipped by AmazonOr fastest delivery Fri, Nov 18|",B09K7N3V4R,https://m.media-amazon.com/images/I/517+OxX9ZkL._AC_UL320_.jpg
2985,https://www.amazon.com/sspa/click?ie=UTF8&spc=MTo0MDM1MDk4OTgzOTY4NzgwOjE2Njg2MjYxMTk6c3BfbXRmOjIwMDA4ODg3NjQzNzg5ODo6MDo6&url=%2FFOCALLURE-Translucent-Shine-Free-Long-lasting-Lightweight%2Fdp%2FB09S8RL5ZP%2Fref%3Dsr_1_18_sspa%3Fkeywords%3Dsetting%2Bpowder%26qid%3D1668626119%26sprefix%3Dsetting%252Caps%252C87%26sr%3D8-18-spons%26sp_csd%3Dd2lkZ2V0TmFtZT1zcF9tdGY%26psc%3D1,"FOCALLURE Oil Control Loose Face Powder, Translucent Loose Setting Powder, Shine-Free Matte Finishing Powder, Long-lasting & Lightweight Sets Foundation Makeup, Includes Velour Powder Puff, Nude",Sponsored,4.1 out of 5 stars,721,$12.99,"FREE delivery Tue, Nov 22 on $25 of items shipped by AmazonOr fastest delivery Fri, Nov 18|",B09S8RL5ZP,https://m.media-amazon.com/images/I/81z-qsb02AL._AC_UL320_.jpg
2986,https://www.amazon.com/sspa/click?ie=UTF8&spc=MTo0MDM1MDk4OTgzOTY4NzgwOjE2Njg2MjYxMTk6c3BfbXRmOjIwMDA0NTUzNzU4NDM1MTo6MDo6&url=%2FBellapierre-Lightweight-Color-Correcting-Protection-Blotchiness%2Fdp%2FB08R7ZHRY8%2Fref%3Dsr_1_19_sspa%3Fkeywords%3Dsetting%2Bpowder%26qid%3D1668626119%26sprefix%3Dsetting%252Caps%252C87%26sr%3D8-19-spons%26sp_csd%3Dd2lkZ2V0TmFtZT1zcF9tdGY%26psc%3D1%26smid%3DA2MEW1DSXS7M5Q,Bellapierre Banana Setting Powder | Lightweight Color-Correcting Powder with All Day Makeup Protection | Eliminates Blotchiness and Dark Under-Eye Circles | Talc-Free | Matte Tint - Medium - 0.14 Oz,Sponsored,4.5 out of 5 stars,"1,299",$12.99,"FREE delivery Tue, Nov 22 on $25 of items shipped by AmazonOr fastest delivery Fri, Nov 18||Small Business|Small Business|Small Business|<img alt="""" src=""https://m.media-amazon.com/images/I/111mHoVK0kL._SS200_.png"" height=""50px"" width=""50px""/>  Small Business|<img alt="""" src=""https://m.media-amazon.com/images/I/111mHoVK0kL._SS200_.png"" height=""50px"" width=""50px""/>  Small Business",B08R7ZHRY8,https://m.media-amazon.com/images/I/71HfGBBbSDL._AC_UL320_.jpg|https://m.media-amazon.com/images/I/111mHoVK0kL._SS200_.png|
2987,https://www.amazon.com/sspa/click?ie=UTF8&spc=MTo0MDM1MDk4OTgzOTY4NzgwOjE2Njg2MjYxMTk6c3BfbXRmOjIwMDA0NjA0NDg1NzQ0MTo6MDo6&url=%2FCosmetics-Poreless-Finish-Airbrush-Powder%2Fdp%2FB002YR2D5W%2Fref%3Dsr_1_20_sspa%3Fkeywords%3Dsetting%2Bpowder%26qid%3D1668626119%26sprefix%3Dsetting%252Caps%252C87%26sr%3D8-20-spons%26sp_csd%3Dd2lkZ2V0TmFtZT1zcF9tdGY%26psc%3D1%26smid%3DA32GOXAC8X4KTS,"IT Cosmetics Bye Bye Pores - Poreless Finish Airbrush Powder - Universal Translucent Shade - Contains Anti-Aging Peptides, Silk, Hydrolyzed Collagen & Antioxidants - 0.23 oz",Sponsored,4.4 out of 5 stars,"3,957",$22.30,"FREE delivery on $25 shipped by Amazon.|Small Business|Small Business|Small Business|<img alt="""" src=""https://m.media-amazon.com/images/I/111mHoVK0kL._SS200_.png"" height=""50px"" width=""50px""/>  Small Business|<img alt="""" src=""https://m.media-amazon.com/images/I/111mHoVK0kL._SS200_.png"" height=""50px"" width=""50px""/>  Small Business",B002YR2D5W,https://m.media-amazon.com/images/I/61UcNLbPzkL._AC_UL320_.jpg|https://m.media-amazon.com/images/I/111mHoVK0kL._SS200_.png|
2988,https://www.amazon.com/Palladio-Translucent-Setting-Absorbs-Flawless/dp/B001ADUC1I/ref=sr_1_21?keywords=setting+powder&qid=1668626119&sprefix=setting%2Caps%2C87&sr=8-21,"Palladio Rice Powder, Translucent, Loose Setting Powder, Absorbs Oil, Leaves Face Looking and Feeling Smooth, Helps Makeup Last Longer For a Flawless, Fresh Look",1 Count (Pack of 1),4.4 out of 5 stars,"4,665",$8.99,"FREE delivery Tue, Nov 22 on $25 of items shipped by AmazonOr fastest delivery Fri, Nov 18||Small Business|Small Business|Small Business|<img alt="""" src=""https://m.media-amazon.com/images/I/111mHoVK0kL._SS200_.png"" height=""50px"" width=""50px""/>  Small Business|<img alt="""" src=""https://m.media-amazon.com/images/I/111mHoVK0kL._SS200_.png"" height=""50px"" width=""50px""/>  Small Business",B001ADUC1I,https://m.media-amazon.com/images/I/71lsu0E-5eL._AC_UL320_.jpg|https://m.media-amazon.com/images/I/111mHoVK0kL._SS200_.png|
2989,https://www.amazon.com/Black-Radiance-Complexion-Setting-Powder/dp/B0784G54FT/ref=sr_1_22?keywords=setting+powder&qid=1668626119&sprefix=setting%2Caps%2C87&sr=8-22,"Black Radiance True Complexion Loose Setting Powder, Banana, 15 Gram",0.7 Ounce (Pack of 1),4.4 out of 5 stars,"6,836",$6.87,"FREE delivery Tue, Nov 22 on $25 of items shipped by AmazonOr fastest delivery Fri, Nov 18|",B0784G54FT,https://m.media-amazon.com/images/I/71P4YDQWvHL._AC_UL320_.jpg
2990,https://www.amazon.com/Rimmel-London-Lasting-Pressed-Transparent/dp/B004M9L0WW/ref=sr_1_23?keywords=setting+powder&qid=1668626119&sprefix=setting%2Caps%2C87&sr=8-23,"Rimmel London Stay Matte Long Lasting Pressed Powder, Transparent [001] 0.49 Ounce (Pack of 1) (packaging may vary)",0.49 Ounce (Pack of 1),4.5 out of 5 stars,"37,383",$3.50,"FREE delivery Tue, Nov 22 on $25 of items shipped by AmazonOr fastest delivery Fri, Nov 18|",B004M9L0WW,https://m.media-amazon.com/images/I/71FsGBBI29L._AC_UL320_.jpg
2991,https://www.amazon.com/Anastasia-Beverly-Hills-Setting-Translucent/dp/B08QMZ8NHF/ref=sr_1_24?keywords=setting+powder&qid=1668626119&sprefix=setting%2Caps%2C87&sr=8-24,Anastasia Beverly Hills - Mini Loose Setting Powder - Translucent,1 Count (Pack of 1),4.3 out of 5 stars,81,$19.00,"FREE delivery Tue, Nov 22 on $25 of items shipped by AmazonOr fastest delivery Fri, Nov 18|",B08QMZ8NHF,https://m.media-amazon.com/images/I/51IAUx3fx5L._AC_UL320_.jpg
2992,https://www.amazon.com/Too-Faced-Ethereal-Setting-Powder/dp/B07F5V87JF/ref=sr_1_25?keywords=setting+powder&qid=1668626119&sprefix=setting%2Caps%2C87&sr=8-25,Too Faced Born This Way Ethereal Setting Powder 0.05 oz (Travel Size),0.05 Ounce (Pack of 1),4.3 out of 5 stars,84,$11.18,"FREE delivery Tue, Nov 22 on $25 of items shipped by AmazonOr fastest delivery Fri, Nov 18|",B07F5V87JF,https://m.media-amazon.com/images/I/61Kr5vy4ZnL._AC_UL320_.jpg
2993,https://www.amazon.com/BEAUTY-Loose-Baking-Setting-Powder/dp/B07FBYKZ9Z/ref=sr_1_26?keywords=setting+powder&qid=1668626119&sprefix=setting%2Caps%2C87&sr=8-26,NEW HUDA BEAUTY Easy Bake Loose Baking and Setting Powder - Sugar Cookie,1 Count (Pack of 1),4.7 out of 5 stars,49,$45.73,"FREE delivery Tue, Nov 22 Or fastest delivery Fri, Nov 18|",B07FBYKZ9Z,https://m.media-amazon.com/images/I/41ngIyzcHrL._AC_UL320_.jpg
2994,https://www.amazon.com/Professional-Makeup-Cant-Setting-Powder/dp/B07TN8BFLN/ref=sr_1_27?keywords=setting+powder&qid=1668626119&sprefix=setting%2Caps%2C87&sr=8-27,NYX PROFESSIONAL MAKEUP Can't Stop Won't Stop Loose Setting Powder - Light,0.21 Ounce (Pack of 1),4.5 out of 5 stars,"1,445",$12.00,"FREE delivery Tue, Nov 22 on $25 of items shipped by AmazonOr fastest delivery Fri, Nov 18|",B07TN8BFLN,https://m.media-amazon.com/images/I/61gUvU3qY4L._AC_UL320_.jpg
2995,https://www.amazon.com/Revolution-Setting-Provides-Long-lasting-Coverage/dp/B08B36528M/ref=sr_1_28?keywords=setting+powder&qid=1668626119&sprefix=setting%2Caps%2C87&sr=8-28,"Makeup Revolution Loose Baking Powder, Make Up Setting Powder, Provides Long-lasting Coverage, Reduces Shine, For Light Skin Tones, Banana Light, 32g","($3,478.26/Fl Oz)",4.3 out of 5 stars,691,$8.00,"FREE delivery Tue, Nov 22 on $25 of items shipped by AmazonOr fastest delivery Fri, Nov 18|",B08B36528M,https://m.media-amazon.com/images/I/519axv6KPQS._AC_UL320_.jpg
2996,https://www.amazon.com/LOreal-Paris-Long-lasting-Lightweight-Moisturizers/dp/B001R8Z81U/ref=sr_1_29?keywords=setting+powder&qid=1668626119&sprefix=setting%2Caps%2C87&sr=8-29,"L'Oreal Paris Hydra Perfecte Perfecting Loose Face Powder, Minimizes Pores & Perfects Skin, Sets Makeup, Long-lasting & Lightweight, with Moisturizers to Nourish & Protect Skin, Medium, 0.5 fl. oz.",0.5 Fl Oz (Pack of 1),4.5 out of 5 stars,"13,103",$8.73,"FREE delivery Tue, Nov 22 on $25 of items shipped by AmazonOr fastest delivery Fri, Nov 18|",B001R8Z81U,https://m.media-amazon.com/images/I/716O8aXzspL._AC_UL320_.jpg
2997,https://www.amazon.com/FOCALLURE-Translucent-Shine-Free-Long-lasting-Lightweight/dp/B09S8Y9GBT/ref=sr_1_30?keywords=setting+powder&qid=1668626119&sprefix=setting%2Caps%2C87&sr=8-30,"FOCALLURE Oil Control Loose Face Powder, Translucent Loose Setting Powder, Shine-Free Matte Finishing Powder, Long-lasting & Lightweight Sets Foundation Makeup, Includes Velour Powder Puff, Toffee",0.25 Ounce (Pack of 1),4.1 out of 5 stars,721,$12.99,"FREE delivery Tue, Nov 22 on $25 of items shipped by AmazonOr fastest delivery Fri, Nov 18|",B09S8Y9GBT,https://m.media-amazon.com/images/I/81Vu9QibqRL._AC_UL320_.jpg
2998,https://www.amazon.com/Clarifying-Finishing-Pressed-Setting-Medium-Tan/dp/B09NX3TH61/ref=sr_1_31?keywords=setting+powder&qid=1668626119&sprefix=setting%2Caps%2C87&sr=8-31,Wet n Wild Bare Focus Clarifying Finishing Powder | Matte | Pressed Setting Powder Medium-Tan,1 Count (Pack of 1),4.3 out of 5 stars,"1,038",$3.18,"FREE delivery Tue, Nov 22 on $25 of items shipped by AmazonOr fastest delivery Fri, Nov 18|",B09NX3TH61,https://m.media-amazon.com/images/I/81x+t71uszL._AC_UL320_.jpg
2999,https://www.amazon.com/Photo-Setting-Powder-Off-White-Translucent/dp/B09NXM2YWP/ref=sr_1_32?keywords=setting+powder&qid=1668626119&sprefix=setting%2Caps%2C87&sr=8-32,Loose Setting Powder By Wet n Wild Photo Focus Loose Finishing Powder Off-White Translucent,0.7 Ounce (Pack of 1),4.7 out of 5 stars,457,$6.38,FREE delivery on $25 shipped by Amazon.,B09NXM2YWP,https://m.media-amazon.com/images/I/7151VkXL1BL._AC_UL320_.jpg
3000,https://www.amazon.com/sspa/click?ie=UTF8&spc=MTo0MDM1MDk4OTgzOTY4NzgwOjE2Njg2MjYxMTk6c3BfbXRmOjIwMDAzMTEwNTk1OTQ5ODo6MDo6&url=%2FBUTTERCUP-POWDER-Flashback-Translucent-Medium-Deep%2Fdp%2FB00U4CM8ZE%2Fref%3Dsr_1_33_sspa%3Fkeywords%3Dsetting%2Bpowder%26qid%3D1668626119%26sprefix%3Dsetting%252Caps%252C87%26sr%3D8-33-spons%26sp_csd%3Dd2lkZ2V0TmFtZT1zcF9tdGY%26psc%3D1%26smid%3DAMQ06X8TD3Q8S,"Sacha BUTTERCUP Setting Powder. No Ashy Flashback. Blurs Fine Lines and Pores. Loose, Translucent Face Powder to Set Makeup Foundation or Concealer. For Medium to Dark Skin Tones, 1.25 oz.",Sponsored,4.6 out of 5 stars,"17,604",$24.28,FREE delivery on $25 shipped by Amazon.,B00U4CM8ZE,https://m.media-amazon.com/images/I/71qhtbdsa8L._AC_UL320_.jpg
3001,https://www.amazon.com/sspa/click?ie=UTF8&spc=MTo0MDM1MDk4OTgzOTY4NzgwOjE2Njg2MjYxMTk6c3BfbXRmOjIwMDA4MjU1NTY1MjQ5ODo6MDo6&url=%2FKISS-JFSP04-Blur-fection-Setting-Powder%2Fdp%2FB09H3PMFRP%2Fref%3Dsr_1_34_sspa%3Fkeywords%3Dsetting%2Bpowder%26qid%3D1668626119%26sprefix%3Dsetting%252Caps%252C87%26sr%3D8-34-spons%26sp_csd%3Dd2lkZ2V0TmFtZT1zcF9tdGY%26psc%3D1,JOAH Blur-fection Setting Powder,Sponsored,4.0 out of 5 stars,21,$8.99,"FREE delivery Tue, Nov 22 on $25 of items shipped by AmazonOr fastest delivery Sat, Nov 19|",B09H3PMFRP,https://m.media-amazon.com/images/I/61-Gic9SyXL._AC_UL320_.jpg
3002,https://www.amazon.com/sspa/click?ie=UTF8&spc=MTo0MDM1MDk4OTgzOTY4NzgwOjE2Njg2MjYxMTk6c3BfbXRmOjIwMDEwNDU3MjEyMzg5ODo6MDo6&url=%2FKYDA-Translucent-Lightweight-Breathable-Beauty-Natural%2Fdp%2FB0BDL7DBYF%2Fref%3Dsr_1_35_sspa%3Fkeywords%3Dsetting%2Bpowder%26qid%3D1668626119%26sprefix%3Dsetting%252Caps%252C87%26sr%3D8-35-spons%26sp_csd%3Dd2lkZ2V0TmFtZT1zcF9tdGY%26psc%3D1,"KYDA Setting Pressed Powder, Translucent Powder Makeup Pressed Powder with Sunscreen, Oil Control Matte Finish, Lasting Flawless Coverage Lightweight Breathable, Cruelty Free, by Ownest Beauty-Natural",Sponsored,,,$9.99,"FREE delivery Tue, Nov 22 on $25 of items shipped by AmazonOr fastest delivery Sat, Nov 19|",B0BDL7DBYF,https://m.media-amazon.com/images/I/61IdMYc0b4L._AC_UL320_.jpg
3003,https://www.amazon.com/sspa/click?ie=UTF8&spc=MTo0MDM1MDk4OTgzOTY4NzgwOjE2Njg2MjYxMTk6c3BfbXRmOjIwMDA5MjExNTEyODY5ODo6MDo6&url=%2FMehron-Makeup-Setting-Powder-Ultra%2Fdp%2FB008ND0RVS%2Fref%3Dsr_1_36_sspa%3Fkeywords%3Dsetting%2Bpowder%26qid%3D1668626119%26sprefix%3Dsetting%252Caps%252C87%26sr%3D8-36-spons%26sp_csd%3Dd2lkZ2V0TmFtZT1zcF9tdGY%26psc%3D1%26smid%3DA5PIUS5UJG0CN,Mehron Makeup Setting Powder (1 oz) (Ultra White),Sponsored,4.5 out of 5 stars,"6,781",$9.95,"FREE delivery Tue, Nov 22 on $25 of items shipped by AmazonOr fastest delivery Fri, Nov 18|",B008ND0RVS,https://m.media-amazon.com/images/I/51MSJJLhNlL._AC_UL320_.jpg
3004,https://www.amazon.com/Aesthetica-Translucent-Loose-Setting-Powder/dp/B01IE2KT8S/ref=sr_1_37?keywords=setting+powder&qid=1668626119&sprefix=setting%2Caps%2C87&sr=8-37,Aesthetica Translucent Setting Powder – Matte Finishing Makeup Loose Setting Powder – Flash Friendly Translucent Powder Foundation - Loose Face Powder Includes Velour Puff,0.7 Ounce (Pack of 1),4.3 out of 5 stars,"6,569",$19.97,"FREE delivery Tue, Nov 22 on $25 of items shipped by AmazonOr fastest delivery Fri, Nov 18||Small Business|Small Business|Small Business|<img alt="""" src=""https://m.media-amazon.com/images/I/111mHoVK0kL._SS200_.png"" height=""50px"" width=""50px""/>  Small Business|<img alt="""" src=""https://m.media-amazon.com/images/I/111mHoVK0kL._SS200_.png"" height=""50px"" width=""50px""/>  Small Business",B01IE2KT8S,https://m.media-amazon.com/images/I/61pH3Su7A7L._AC_UL320_.jpg|https://m.media-amazon.com/images/I/111mHoVK0kL._SS200_.png|
3005,https://www.amazon.com/Anastasia-Beverly-Hills-Setting-Vanilla/dp/B085W9QQJS/ref=sr_1_38?keywords=setting+powder&qid=1668626119&sprefix=setting%2Caps%2C87&sr=8-38,Anastasia Beverly Hills - Loose Setting Powder,0.9 Ounce,4.6 out of 5 stars,844,$38.00,"FREE delivery Tue, Nov 22 Or fastest delivery Mon, Nov 21|",B085W9QQJS,https://m.media-amazon.com/images/I/61hO7IqzFTL._AC_UL320_.jpg
3006,https://www.amazon.com/BUTTERCUP-POWDER-Flashback-Translucent-Medium-Deep/dp/B00U4CM8ZE/ref=sr_1_39?keywords=setting+powder&qid=1668626119&sprefix=setting%2Caps%2C87&sr=8-39,"Sacha BUTTERCUP Setting Powder. No Ashy Flashback. Blurs Fine Lines and Pores. Loose, Translucent Face Powder to Set Makeup Foundation or Concealer. For Medium to Dark Skin Tones, 1.25 oz.",1.25 Ounce (Pack of 1),4.6 out of 5 stars,"17,604",$24.28,FREE delivery on $25 shipped by Amazon.,B00U4CM8ZE,https://m.media-amazon.com/images/I/71qhtbdsa8L._AC_UL320_.jpg
3007,https://www.amazon.com/Maybelline-Poreless-Pressed-Powder-Classic/dp/B00PFCSO1U/ref=sr_1_40?keywords=setting+powder&qid=1668626119&sprefix=setting%2Caps%2C87&sr=8-40,"Maybelline Fit Me Matte + Poreless Pressed Face Powder Makeup, Classic Ivory, 1 Count",0.29 Fl Oz (Pack of 1),4.6 out of 5 stars,"57,538",$6.94,"FREE delivery Tue, Nov 22 on $25 of items shipped by AmazonOr fastest delivery Sat, Nov 19|",B00PFCSO1U,https://m.media-amazon.com/images/I/81wPUIxPn+S._AC_UL320_.jpg
3008,https://www.amazon.com/Triangle-Velvety-Pointed-Corners-Flawless/dp/B0B7SJ78JL/ref=sr_1_41?keywords=setting+powder&qid=1668626119&sprefix=setting%2Caps%2C87&sr=8-41,"12Pcs Triangle Powder Puff, Velvety Powder Puffs for Face Powder, Makeup Puff with the Pointed Corners to Get in Under Eyes and Tzones, Velour Puff Makes Your Makeup Flawless.",($4.99/Count),4.4 out of 5 stars,29,$4.99,"FREE delivery Tue, Nov 22 on $25 of items shipped by AmazonOr fastest delivery Fri, Nov 18|",B0B7SJ78JL,https://m.media-amazon.com/images/I/61Z5eXe-6jL._AC_UL320_.jpg
3009,https://www.amazon.com/Pimoys-Triangle-Mineral-Cosmetic-Foundation/dp/B09K7N3V4R/ref=sr_1_42?keywords=setting+powder&qid=1668626119&sprefix=setting%2Caps%2C87&sr=8-42,Pimoys 6 Pieces Powder Puff Face Soft Triangle Makeup Puff for Loose Powder Mineral Powder Body Powder Velour Cosmetic Foundation Blender Sponge Beauty Makeup Tools(Black),6 Count (Pack of 1),4.7 out of 5 stars,"4,156",$7.99,"FREE delivery Tue, Nov 22 on $25 of items shipped by AmazonOr fastest delivery Fri, Nov 18|",B09K7N3V4R,https://m.media-amazon.com/images/I/517+OxX9ZkL._AC_UL320_.jpg
3010,https://www.amazon.com/Kimchi-Chic-Beauty-Puff-Powder/dp/B094SY5Y3L/ref=sr_1_43?keywords=setting+powder&qid=1668626119&sprefix=setting%2Caps%2C87&sr=8-43,Kimchi Chic Beauty Puff Puff Pass Set & Bake Powder - Translucent,1 Count (Pack of 1),4.6 out of 5 stars,108,$22.15,"FREE delivery Tue, Nov 22 on $25 of items shipped by AmazonOr fastest delivery Fri, Nov 18||Small Business|Small Business|Small Business|<img alt="""" src=""https://m.media-amazon.com/images/I/111mHoVK0kL._SS200_.png"" height=""50px"" width=""50px""/>  Small Business|<img alt="""" src=""https://m.media-amazon.com/images/I/111mHoVK0kL._SS200_.png"" height=""50px"" width=""50px""/>  Small Business",B094SY5Y3L,https://m.media-amazon.com/images/I/71lAr4i9X5S._AC_UL320_.jpg|https://m.media-amazon.com/images/I/111mHoVK0kL._SS200_.png|
3011,https://www.amazon.com/Triangle-Cosmetic-Foundation-Undereye-Setting/dp/B0B363RXZJ/ref=sr_1_44?keywords=setting+powder&qid=1668626119&sprefix=setting%2Caps%2C87&sr=8-44,"Triangle Powder Puff, Makeup Puff Velour Powder Puff, 6 Pcs Soft Powder Puffs for Face and Body Powder Cosmetic Foundation Sponge for Undereye Setting Powder Puff Makeup Tool (3 Black + 3 White)",6 Count (Pack of 1),4.7 out of 5 stars,369,$5.98,"FREE delivery Tue, Nov 22 on $25 of items shipped by AmazonOr fastest delivery Fri, Nov 18|",B0B363RXZJ,https://m.media-amazon.com/images/I/61GKTDOJrPL._AC_UL320_.jpg
3012,https://www.amazon.com/bareMinerals-Original-Mineral-Pressed-Setting/dp/B09D8XKZC7/ref=sr_1_45?keywords=setting+powder&qid=1668626119&sprefix=setting%2Caps%2C87&sr=8-45,bareMinerals Original Mineral Veil Pressed Setting Powder - Translucent Women Powder 0.3 oz,0.3 Ounce (Pack of 1),4.5 out of 5 stars,124,$22.04,"FREE delivery Wed, Nov 30 on $25 of items shipped by AmazonOr fastest delivery Sun, Nov 20|",B09D8XKZC7,https://m.media-amazon.com/images/I/61Vz7tWQcfL._AC_UL320_.jpg
3013,https://www.amazon.com/Photo-Focus-Loose-Setting-Powder/dp/B0847RYJMK/ref=sr_1_46?keywords=setting+powder&qid=1668626119&sprefix=setting%2Caps%2C87&sr=8-46,"Wet n Wild Photo Focus Loose Baking Setting Powder, Banana | Sheer | Highlighter Makeup | Suitable for All Skin Tones",0.7 Ounce (Pack of 1),4.6 out of 5 stars,637,$6.38,"FREE delivery Tue, Nov 22 on $25 of items shipped by AmazonOr fastest delivery Sat, Nov 19|",B0847RYJMK,https://m.media-amazon.com/images/I/71+FsctRcWL._AC_UL320_.jpg
3014,https://www.amazon.com/Becca-Hydra-Mist-Refresh-Setting-Original/dp/B07SK8CF93/ref=sr_1_47?keywords=setting+powder&qid=1668626119&sprefix=setting%2Caps%2C87&sr=8-47,"Becca Hydra-Mist Set & Refresh Powder, Loose Setting Powder, Original, 0.05 oz / 1.5 g, Trial Travel Size Mini",0.05 Ounce (Pack of 1),3.8 out of 5 stars,82,$8.99,"FREE delivery Tue, Nov 22 on $25 of items shipped by AmazonOr fastest delivery Fri, Nov 18|",B07SK8CF93,https://m.media-amazon.com/images/I/51Sx8gwSWaL._AC_UL320_.jpg
3015,https://www.amazon.com/Lightweight-Control-Mineral-Lasting-Foundation/dp/B09T9KWWBG/ref=sr_1_48?keywords=setting+powder&qid=1668626119&sprefix=setting%2Caps%2C87&sr=8-48,ETUDE Zero Sebum Drying Powder 4g New | Lightweight Oil Control No Sebum Loose Face Powder with 80% Mineral | Long Lasting for Setting or Foundation Makes Skin Downy,0.14 Ounce (Pack of 1),4.3 out of 5 stars,"8,286",$7.00,"FREE delivery Tue, Nov 22 on $25 of items shipped by AmazonOr fastest delivery Fri, Nov 18|",B09T9KWWBG,https://m.media-amazon.com/images/I/51SdyHq5HiL._AC_UL320_.jpg
3016,https://www.amazon.com/Beauty-Bakerie-Setting-Powder-Transluscent/dp/B07C7WB339/ref=sr_1_49?keywords=setting+powder&qid=1668626119&sprefix=setting%2Caps%2C87&sr=8-49,"Beauty Bakerie Flour Setting Powder, Finishing Powder for Setting Foundation Makeup in Place, Oat (Translucent), .5 Ounce",0.5 Ounce (Pack of 1),4.6 out of 5 stars,500,$24.00,"FREE delivery Tue, Nov 22 on $25 of items shipped by AmazonOr fastest delivery Fri, Nov 18||Small Business|Small Business|Small Business|<img alt="""" src=""https://m.media-amazon.com/images/I/111mHoVK0kL._SS200_.png"" height=""50px"" width=""50px""/>  Small Business|<img alt="""" src=""https://m.media-amazon.com/images/I/111mHoVK0kL._SS200_.png"" height=""50px"" width=""50px""/>  Small Business",B07C7WB339,https://m.media-amazon.com/images/I/51HCXe5ALTL._AC_UL320_.jpg|https://m.media-amazon.com/images/I/111mHoVK0kL._SS200_.png|
3017,https://www.amazon.com/NYX-PROFESSIONAL-MAKEUP-Mattifying-Pressed/dp/B0924V9RQP/ref=sr_1_50?keywords=setting+powder&qid=1668626119&sprefix=setting%2Caps%2C87&sr=8-50,NYX PROFESSIONAL MAKEUP Can't Stop Won't Stop Mattifying Pressed Powder - Medium,1 Count (Pack of 1),4.0 out of 5 stars,"2,597",$8.39,"FREE delivery Tue, Nov 22 on $25 of items shipped by AmazonOr fastest delivery Sat, Nov 19|",B0924V9RQP,https://m.media-amazon.com/images/I/81m4hAZ65uS._AC_UL320_.jpg
3018,https://www.amazon.com/Perfect-Convenient-Portable-Compact-Imperfections/dp/B01D1DRF9Q/ref=sr_1_51?keywords=setting+powder&qid=1668626119&sprefix=setting%2Caps%2C87&sr=8-51,"e.l.f, Perfect Finish HD Powder, Convenient, Portable Compact, Fills Fine Lines, Blurs Imperfections, Soft, Smooth Finish, Anytime Wear, 0.28 Oz",0.28 Ounce (Pack of 1),4.5 out of 5 stars,"6,010",$6.00,"FREE delivery Tue, Nov 22 on $25 of items shipped by AmazonOr fastest delivery Fri, Nov 18|",B01D1DRF9Q,https://m.media-amazon.com/images/I/51gsypjR29L._AC_UL320_.jpg
3019,https://www.amazon.com/Born-Ethereal-Setting-Powder-Loose/dp/B0745YQKW7/ref=sr_1_52?keywords=setting+powder&qid=1668626119&sprefix=setting%2Caps%2C87&sr=8-52,Too Faced Born This Way Ethereal Setting Powder Loose - Translucent - Full Size,0.56 Ounce (Pack of 1),4.7 out of 5 stars,575,$22.95,"FREE delivery Nov 21 - 23 Or fastest delivery Tue, Nov 22",B0745YQKW7,https://m.media-amazon.com/images/I/41uY9zGHdzL._AC_UL320_.jpg
3020,https://www.amazon.com/Triangle-Powder-Makeup-Sponges-Setting/dp/B09YRCVDFV/ref=sr_1_53?keywords=setting+powder&qid=1668626119&sprefix=setting%2Caps%2C87&sr=8-53,"6 Pcs Triangle Powder Puff,Makeup Puff,Powder Puffs for Face Powder,Triangle Makeup Velour Puff,Triangle Sponges for Makeup,Loose Setting Powder Puff powder sponge makeup puffs for Powder(Black)",6 Count (Pack of 1),4.7 out of 5 stars,724,$6.99,"FREE delivery Tue, Nov 22 on $25 of items shipped by AmazonOr fastest delivery Fri, Nov 18|",B09YRCVDFV,https://m.media-amazon.com/images/I/51ZVz8PvF0L._AC_UL320_.jpg
3021,https://www.amazon.com/Rimmel-Matte-Loose-Powder-Transparent/dp/B08CZXZRR6/ref=sr_1_54?keywords=setting+powder&qid=1668626119&sprefix=setting%2Caps%2C87&sr=8-54,"Rimmel Stay Matte Loose Powder, 001 Transparent, 0.13 Ounce (Pack of 1)",0.49 Ounce (Pack of 1),4.6 out of 5 stars,127,$4.97,"FREE delivery Tue, Nov 22 on $25 of items shipped by AmazonOr fastest delivery Fri, Nov 18|",B08CZXZRR6,https://m.media-amazon.com/images/I/51Fap2SQ8NL._AC_UL320_.jpg
3022,https://www.amazon.com/JASSINS-Triangle-Setting-Concealer-Foundation/dp/B09XM8D6XN/ref=sr_1_55?keywords=setting+powder&qid=1668626119&sprefix=setting%2Caps%2C87&sr=8-55,"8 Pcs Cotton Powder Puff Face,JASSINS Triangle super soft Both dry and wet Makeup Setting Puff,For Concealer/Loose Powder/Body Powder/Foundation/Blush Makeup Sponge Set (Black+White)",8 Count (Pack of 1),4.7 out of 5 stars,265,$5.49,"FREE delivery Tue, Nov 22 on $25 of items shipped by AmazonOr fastest delivery Fri, Nov 18|",B09XM8D6XN,https://m.media-amazon.com/images/I/51pzPnwMcxL._AC_UL320_.jpg
3023,https://www.amazon.com/Physicians-Formula-Buddies-Setting-Translucent/dp/B09M2MZJCS/ref=sr_1_56?keywords=setting+powder&qid=1668626119&sprefix=setting%2Caps%2C87&sr=8-56,Physicians Formula Butter Buddies Butter Scotch Matte Setting Powder Translucent Matte,0.38 Ounce (Pack of 1),4.4 out of 5 stars,230,$9.97,"FREE delivery Tue, Nov 22 on $25 of items shipped by AmazonOr fastest delivery Fri, Nov 18|",B09M2MZJCS,https://m.media-amazon.com/images/I/71n19BPDsuL._AC_UL320_.jpg
3024,https://www.amazon.com/FV-Lightweight-Longwearing-Waterproof-Foundation/dp/B0B4FYNLKS/ref=sr_1_57?keywords=setting+powder&qid=1668626119&sprefix=setting%2Caps%2C87&sr=8-57,"FV Finishing Powder, Lightweight Smooth Setting Powder Poreless Longwearing Matte Waterproof Oil Absorb Makeup Powder for Setting or Foundation",5.29 Ounce (Pack of 1),4.4 out of 5 stars,45,$15.99,"FREE delivery Tue, Nov 22 on $25 of items shipped by AmazonOr fastest delivery Fri, Nov 18|",B0B4FYNLKS,https://m.media-amazon.com/images/I/71v1TKtDNsL._AC_UL320_.jpg
3025,https://www.amazon.com/Real-Techniques-1413-Setting-Brush/dp/B007O7AYYE/ref=sr_1_58?keywords=setting+powder&qid=1668626119&sprefix=setting%2Caps%2C87&sr=8-58,"Real Techniques Professional Setting Makeup Brush, For Setting Powders & Highlighters, Soft Bristles For Precision Dusting, Helps Lock in Foundation and Concealer, Pink, 1 Count",($6.90/Count),4.8 out of 5 stars,"9,127",$6.90,"FREE delivery Tue, Nov 22 on $25 of items shipped by AmazonOr fastest delivery Fri, Nov 18|",B007O7AYYE,https://m.media-amazon.com/images/I/51-vbtZUkwL._AC_UL320_.jpg
3026,https://www.amazon.com/Daubigny-Triangle-Mineral-Cosmetic-Foundation/dp/B0BBV8Q288/ref=sr_1_59?keywords=setting+powder&qid=1668626119&sprefix=setting%2Caps%2C87&sr=8-59,Powder Puff Daubigny 6 PCS Powder Puff Makeup Puff Face Soft Triangle Powder Puffs for Loose Powder Mineral Powder Body Powder Velour Cosmetic Foundation Sponges Blender Beauty Makeup Tools(Nude),($1.67/Count),4.7 out of 5 stars,23,$9.99,"FREE delivery Tue, Nov 22 on $25 of items shipped by AmazonOr fastest delivery Fri, Nov 18|",B0BBV8Q288,https://m.media-amazon.com/images/I/61l6MfYAtgL._AC_UL320_.jpg
3027,https://www.amazon.com/Honest-Beauty-Invisible-Blurring-Powder/dp/B07F458BR8/ref=sr_1_60?keywords=setting+powder&qid=1668626119&rdc=1&sprefix=setting%2Caps%2C87&sr=8-60,Honest Invisible Blurring Loose Powder | Lightweight Setting Powder | Mattify & Set Makeup |EWG Certified & Dermatologist Tested |Vegan + Cruelty free | .56 oz,0.56 Ounce (Pack of 1),4.3 out of 5 stars,"1,579",$22.99,"FREE delivery Tue, Nov 22 on $25 of items shipped by AmazonOr fastest delivery Fri, Nov 18||Climate Pledge Friendly|Climate Pledge Friendly|Climate Pledge Friendly|<img alt="""" src=""https://m.media-amazon.com/images/I/216-OX9rBaL._SS200_.png"" height=""50px"" width=""50px""/>  Climate Pledge Friendly|<img alt="""" src=""https://m.media-amazon.com/images/I/216-OX9rBaL._SS200_.png"" height=""50px"" width=""50px""/>  Climate Pledge Friendly|<img alt="""" src=""https://m.media-amazon.com/images/I/31OPjlesFNL._SS200_.png"" height=""50px"" width=""50px""/> EWG Verified",B07F458BR8,https://m.media-amazon.com/images/I/61gYqffd8lL._AC_UL320_.jpg|https://m.media-amazon.com/images/I/216-OX9rBaL._SS200_.png||
3028,https://aax-us-iad.amazon.com/x/c/RAn2_KSG0mAoyS6DoyRuLZ0AAAGEgd38SQEAAAH2AQBOL0EgICAgICAgICAgICBOL0EgICAgICAgICAgICCpcgyQ/https://www.amazon.com/dp/B007A2Z4VQ?pd_rd_i=B007A2Z4VQ&pf_rd_p=55defc4a-7c1e-47a7-8d1d-5cc458cca688&pf_rd_r=XNQECE6VR1MMRMJHCCYV&pd_rd_wg=FexPj&pd_rd_w=IFavx&pd_rd_r=0a1ac64e-d2a3-4817-94e1-c54eb95d40b5,PÜR 4-in-1 Pressed Mineral Makeup SPF 15 Powder Foundation with Concealer & Finishing Powder- Medium to Full Coverage Foundation- Mineral-Based Powder- Cruelty-Free & Vegan Friendly,Sponsored,4.4 out of 5 stars,"7,325",$29.50,"FREE delivery Tue, Nov 22 Or fastest delivery Fri, Nov 18|",,
3035,https://www.amazon.com/sspa/click?ie=UTF8&spc=MToxNDQ2NDAxNzY1ODI0MzkyOjE2Njg2MjYxNDQ6c3BfYXRmOjIwMDA5NTU0NDc3NTU5ODo6MDo6&url=%2FAinviata-Micro-Fork-Waterproof-Smudge-proof-Microblading%2Fdp%2FB0B5WYCN7J%2Fref%3Dsr_1_1_sspa%3Fcrid%3D2BW2DRTBBTS1H%26keywords%3Deyebrow%2Bpencil%26qid%3D1668626144%26sprefix%3Deyebrow%2Bpencil%252Caps%252C93%26sr%3D8-1-spons%26sp_csd%3Dd2lkZ2V0TmFtZT1zcF9hdGY%26psc%3D1%26smid%3DA1KH00UQ2AFBCI,"Ainviata 2PCS Liquid Eyebrow Pencil with 4 Micro-Fork Tips, Waterproof & Smudge-proof Microblading Eyebrow Tint Tattoo Pen, 48H Long Lasting Brow Pencil Creates Natural Looking…",Sponsored,4.1 out of 5 stars,22,$9.99,"FREE delivery Wed, Nov 30 on $25 of items shipped by AmazonOr fastest delivery Sat, Nov 19|",B0B5WYCN7J,https://m.media-amazon.com/images/I/71S1-U3I2SL._AC_UL320_.jpg
3036,https://www.amazon.com/sspa/click?ie=UTF8&spc=MToxNDQ2NDAxNzY1ODI0MzkyOjE2Njg2MjYxNDQ6c3BfYXRmOjIwMDA3MDY5NDc2NDMyMTo6MDo6&url=%2FMaybelline-New-York-Express-Eyebrow%2Fdp%2FB091HZHR91%2Fref%3Dsr_1_2_sspa%3Fcrid%3D2BW2DRTBBTS1H%26keywords%3Deyebrow%2Bpencil%26qid%3D1668626144%26sprefix%3Deyebrow%2Bpencil%252Caps%252C93%26sr%3D8-2-spons%26sp_csd%3Dd2lkZ2V0TmFtZT1zcF9hdGY%26psc%3D1,"Maybelline Express Brow 2-In-1 Pencil and Powder Eyebrow Makeup, Soft Brown, 1 Count",Sponsored,4.3 out of 5 stars,"5,768",$7.37,"FREE delivery Tue, Nov 22 on $25 of items shipped by AmazonOr fastest delivery Sat, Nov 19|",B091HZHR91,https://m.media-amazon.com/images/I/41KYbzgimAL._AC_UL320_.jpg
3037,https://www.amazon.com/sspa/click?ie=UTF8&spc=MToxNDQ2NDAxNzY1ODI0MzkyOjE2Njg2MjYxNDQ6c3BfYXRmOjIwMDAxMzk1MTg2NTI4MTo6MDo6&url=%2FAnastasia-Beverly-Hills-Definer-Chocolate%2Fdp%2FB01B01ZPCA%2Fref%3Dsr_1_3_sspa%3Fcrid%3D2BW2DRTBBTS1H%26keywords%3Deyebrow%2Bpencil%26qid%3D1668626144%26sprefix%3Deyebrow%2Bpencil%252Caps%252C93%26sr%3D8-3-spons%26sp_csd%3Dd2lkZ2V0TmFtZT1zcF9hdGY%26psc%3D1,Anastasia Beverly Hills - Brow Definer,Sponsored,4.6 out of 5 stars,"11,788",$26.00,"FREE delivery Tue, Nov 22 Or fastest delivery Fri, Nov 18|",B01B01ZPCA,https://m.media-amazon.com/images/I/51bCVHb6gML._AC_UL320_.jpg
3038,https://www.amazon.com/sspa/click?ie=UTF8&spc=MToxNDQ2NDAxNzY1ODI0MzkyOjE2Njg2MjYxNDQ6c3BfYXRmOjIwMDAyMTQ2MTkwMDI5ODo6MDo6&url=%2FMaybelline-New-York-TattooStudio-Conditioning%2Fdp%2FB09J6DPR89%2Fref%3Dsr_1_4_sspa%3Fcrid%3D2BW2DRTBBTS1H%26keywords%3Deyebrow%2Bpencil%26qid%3D1668626144%26sprefix%3Deyebrow%2Bpencil%252Caps%252C93%26sr%3D8-4-spons%26sp_csd%3Dd2lkZ2V0TmFtZT1zcF9hdGY%26psc%3D1,"Maybelline New York TattooStudio Brow Lift Stick with Wax Conditioning Complex, Clear, 1 Count",Sponsored,4.0 out of 5 stars,"1,434",$9.98,"FREE delivery Tue, Nov 22 on $25 of items shipped by AmazonOr fastest delivery Fri, Nov 18|",B09J6DPR89,https://m.media-amazon.com/images/I/61epVa2JKLL._AC_UL320_.jpg
3039,https://www.amazon.com/Maybelline-Temptation-Eyebrow-Definer-Pencil/dp/B074VGYK4X/ref=sr_1_5?crid=2BW2DRTBBTS1H&keywords=eyebrow+pencil&qid=1668626144&sprefix=eyebrow+pencil%2Caps%2C93&sr=8-5,"Maybelline Total Temptation Eyebrow Definer Pencil, Medium Brown, 1 Count",1 Count (Pack of 1),4.5 out of 5 stars,"96,328",$7.99,"FREE delivery Tue, Nov 22 on $25 of items shipped by AmazonOr fastest delivery Fri, Nov 18|",B074VGYK4X,https://m.media-amazon.com/images/I/71s-Fyb5J3L._AC_UL320_.jpg
3040,https://www.amazon.com/NYX-PROFESSIONAL-MAKEUP-Eyebrow-Espresso/dp/B00WZQTCS8/ref=sr_1_6?crid=2BW2DRTBBTS1H&keywords=eyebrow+pencil&qid=1668626144&sprefix=eyebrow+pencil%2Caps%2C93&sr=8-6,"NYX PROFESSIONAL MAKEUP Micro Brow Pencil, Eyebrow Pencil - Espresso",1 Count (Pack of 1),4.6 out of 5 stars,"49,203",$9.23,"FREE delivery Tue, Nov 22 on $25 of items shipped by AmazonOr fastest delivery Fri, Nov 18|",B00WZQTCS8,https://m.media-amazon.com/images/I/512odGB1DzL._AC_UL320_.jpg
3041,https://www.amazon.com/wet-wild-Ultimate-Brow-Retractable/dp/B078KB7L4G/ref=sr_1_7?crid=2BW2DRTBBTS1H&keywords=eyebrow+pencil&qid=1668626144&sprefix=eyebrow+pencil%2Caps%2C93&sr=8-7,"Wet n Wild Ultimate Eyebrow Retractable Definer Pencil, Medium Brown, Dual-Sided Brow Brush, Fine Tip, Shapes, Defines, Fills Brow Makeup",1 Count (Pack of 1),4.5 out of 5 stars,"5,861",$3.19,"FREE delivery Tue, Nov 22 on $25 of items shipped by AmazonOr fastest delivery Fri, Nov 18|",B078KB7L4G,https://m.media-amazon.com/images/I/71Z6khL9EPL._AC_UL320_.jpg
3042,https://www.amazon.com/sspa/click?ie=UTF8&spc=MToyOTg2MjQ0MjI5OTUxODQ3OjE2Njg2MjYxNDQ6c3Bfc2VhcmNoX3RoZW1hdGljOjIwMDA4ODIxNjk4NDQ5ODo6MDo6&url=%2FEtude-Official-Drawing-Eyebrow-Pencil%2Fdp%2FB097D97YTS%2Fref%3Dsxin_16_pa_sp_search_thematic_sspa%3Fcontent-id%3Damzn1.sym.4e7a2229-074e-44de-95c4-9fd858f46295%253Aamzn1.sym.4e7a2229-074e-44de-95c4-9fd858f46295%26crid%3D2BW2DRTBBTS1H%26cv_ct_cx%3Deyebrow%2Bpencil%26keywords%3Deyebrow%2Bpencil%26pd_rd_i%3DB097D97YTS%26pd_rd_r%3D91fe1393-1b54-4d2d-8d7d-611f59b9344a%26pd_rd_w%3DsR8eD%26pd_rd_wg%3DQMjZo%26pf_rd_p%3D4e7a2229-074e-44de-95c4-9fd858f46295%26pf_rd_r%3DGXHYM69FJW4GY5Y5MCQC%26qid%3D1668626144%26sprefix%3Deyebrow%2Bpencil%252Caps%252C93%26sr%3D1-1-a73d1c8c-2fd2-4f19-aa41-2df022bcb241-spons%26sp_csd%3Dd2lkZ2V0TmFtZT1zcF9zZWFyY2hfdGhlbWF0aWM%26psc%3D1,ETUDE Drawing Eye Brow 0.25g #5 Gray 21AD | Long Lasting Eyebrow Pencil | Soft Textured Natural Daily Look Eyebrow Makeup | K-beauty,1 Count (Pack of 1),4.3 out of 5 stars|4.3 out of 5 stars|4.1 out of 5 stars|4.6 out of 5 stars|4.7 out of 5 stars,"12,751|5,768|33,180|11,788|20,372",$7.00,,,https://m.media-amazon.com/images/I/51HvMa2KfcL._AC_UL320_.jpg|https://m.media-amazon.com/images/I/81e3KXyf85L._AC_UL320_.jpg|https://m.media-amazon.com/images/I/51imP7g-RUL._AC_UL320_.jpg|https://m.media-amazon.com/images/I/51cF-gQN4LL._AC_UL320_.jpg|https://m.media-amazon.com/images/I/41H0tRlfbGL._AC_UL320_.jpg
3043,https://www.amazon.com/sspa/click?ie=UTF8&spc=MToyOTg2MjQ0MjI5OTUxODQ3OjE2Njg2MjYxNDQ6c3Bfc2VhcmNoX3RoZW1hdGljOjIwMDA4ODIxNjk4NDQ5ODo6MDo6&url=%2FEtude-Official-Drawing-Eyebrow-Pencil%2Fdp%2FB097D97YTS%2Fref%3Dsxin_16_pa_sp_search_thematic_sspa%3Fcontent-id%3Damzn1.sym.4e7a2229-074e-44de-95c4-9fd858f46295%253Aamzn1.sym.4e7a2229-074e-44de-95c4-9fd858f46295%26crid%3D2BW2DRTBBTS1H%26cv_ct_cx%3Deyebrow%2Bpencil%26keywords%3Deyebrow%2Bpencil%26pd_rd_i%3DB097D97YTS%26pd_rd_r%3D91fe1393-1b54-4d2d-8d7d-611f59b9344a%26pd_rd_w%3DsR8eD%26pd_rd_wg%3DQMjZo%26pf_rd_p%3D4e7a2229-074e-44de-95c4-9fd858f46295%26pf_rd_r%3DGXHYM69FJW4GY5Y5MCQC%26qid%3D1668626144%26sprefix%3Deyebrow%2Bpencil%252Caps%252C93%26sr%3D1-1-a73d1c8c-2fd2-4f19-aa41-2df022bcb241-spons%26sp_csd%3Dd2lkZ2V0TmFtZT1zcF9zZWFyY2hfdGhlbWF0aWM%26psc%3D1,ETUDE Drawing Eye Brow 0.25g #5 Gray 21AD | Long Lasting Eyebrow Pencil | Soft Textured Natural Daily Look Eyebrow Makeup | K-beauty,1 Count (Pack of 1),4.3 out of 5 stars,"12,751",$7.00,,B097D97YTS,https://m.media-amazon.com/images/I/51HvMa2KfcL._AC_UL320_.jpg
3044,https://www.amazon.com/sspa/click?ie=UTF8&spc=MToyOTg2MjQ0MjI5OTUxODQ3OjE2Njg2MjYxNDQ6c3Bfc2VhcmNoX3RoZW1hdGljOjIwMDA3ODY3ODQ4NDMyMTo6MTo6&url=%2FMaybelline-New-York-Express-Eyebrow%2Fdp%2FB091HZKKY4%2Fref%3Dsxin_16_pa_sp_search_thematic_sspa%3Fcontent-id%3Damzn1.sym.4e7a2229-074e-44de-95c4-9fd858f46295%253Aamzn1.sym.4e7a2229-074e-44de-95c4-9fd858f46295%26crid%3D2BW2DRTBBTS1H%26cv_ct_cx%3Deyebrow%2Bpencil%26keywords%3Deyebrow%2Bpencil%26pd_rd_i%3DB091HZKKY4%26pd_rd_r%3D91fe1393-1b54-4d2d-8d7d-611f59b9344a%26pd_rd_w%3DsR8eD%26pd_rd_wg%3DQMjZo%26pf_rd_p%3D4e7a2229-074e-44de-95c4-9fd858f46295%26pf_rd_r%3DGXHYM69FJW4GY5Y5MCQC%26qid%3D1668626144%26sprefix%3Deyebrow%2Bpencil%252Caps%252C93%26sr%3D1-2-a73d1c8c-2fd2-4f19-aa41-2df022bcb241-spons%26sp_csd%3Dd2lkZ2V0TmFtZT1zcF9zZWFyY2hfdGhlbWF0aWM%26psc%3D1,"Maybelline Express Brow 2-In-1 Pencil and Powder Eyebrow Makeup, Light Blonde, 1 Count",1 Count (Pack of 1),4.3 out of 5 stars,"5,768",$7.89,,B091HZKKY4,https://m.media-amazon.com/images/I/81e3KXyf85L._AC_UL320_.jpg
3045,https://www.amazon.com/sspa/click?ie=UTF8&spc=MToyOTg2MjQ0MjI5OTUxODQ3OjE2Njg2MjYxNDQ6c3Bfc2VhcmNoX3RoZW1hdGljOjIwMDAyMjc1MzM5NjI5ODo6Mjo6&url=%2FWUNDER2-WUNDERBROW-Waterproof-Eyebrow-Lasting%2Fdp%2FB00UYY2GXG%2Fref%3Dsxin_16_pa_sp_search_thematic_sspa%3Fcontent-id%3Damzn1.sym.4e7a2229-074e-44de-95c4-9fd858f46295%253Aamzn1.sym.4e7a2229-074e-44de-95c4-9fd858f46295%26crid%3D2BW2DRTBBTS1H%26cv_ct_cx%3Deyebrow%2Bpencil%26keywords%3Deyebrow%2Bpencil%26pd_rd_i%3DB00UYY2GXG%26pd_rd_r%3D91fe1393-1b54-4d2d-8d7d-611f59b9344a%26pd_rd_w%3DsR8eD%26pd_rd_wg%3DQMjZo%26pf_rd_p%3D4e7a2229-074e-44de-95c4-9fd858f46295%26pf_rd_r%3DGXHYM69FJW4GY5Y5MCQC%26qid%3D1668626144%26sprefix%3Deyebrow%2Bpencil%252Caps%252C93%26sr%3D1-3-a73d1c8c-2fd2-4f19-aa41-2df022bcb241-spons%26sp_csd%3Dd2lkZ2V0TmFtZT1zcF9zZWFyY2hfdGhlbWF0aWM%26psc%3D1,"Wunder2 Wunderbrow Makeup Waterproof Eyebrow Gel For Long Lasting Eye Brow Make Up, Blonde",($223.71/Ounce),4.1 out of 5 stars,"33,180",$23.49,,B00UYY2GXG,https://m.media-amazon.com/images/I/51imP7g-RUL._AC_UL320_.jpg
3046,https://www.amazon.com/sspa/click?ie=UTF8&spc=MToyOTg2MjQ0MjI5OTUxODQ3OjE2Njg2MjYxNDQ6c3Bfc2VhcmNoX3RoZW1hdGljOjIwMDAxMzk1MTg2NTU4MTo6Mzo6&url=%2FAnastasia-Beverly-Hills-Definer-Taupe%2Fdp%2FB01ADKNJPO%2Fref%3Dsxin_16_pa_sp_search_thematic_sspa%3Fcontent-id%3Damzn1.sym.4e7a2229-074e-44de-95c4-9fd858f46295%253Aamzn1.sym.4e7a2229-074e-44de-95c4-9fd858f46295%26crid%3D2BW2DRTBBTS1H%26cv_ct_cx%3Deyebrow%2Bpencil%26keywords%3Deyebrow%2Bpencil%26pd_rd_i%3DB01ADKNJPO%26pd_rd_r%3D91fe1393-1b54-4d2d-8d7d-611f59b9344a%26pd_rd_w%3DsR8eD%26pd_rd_wg%3DQMjZo%26pf_rd_p%3D4e7a2229-074e-44de-95c4-9fd858f46295%26pf_rd_r%3DGXHYM69FJW4GY5Y5MCQC%26qid%3D1668626144%26sprefix%3Deyebrow%2Bpencil%252Caps%252C93%26sr%3D1-4-a73d1c8c-2fd2-4f19-aa41-2df022bcb241-spons%26sp_csd%3Dd2lkZ2V0TmFtZT1zcF9zZWFyY2hfdGhlbWF0aWM%26psc%3D1,Anastasia Beverly Hills - Brow Definer,($26.00/Count),4.6 out of 5 stars,"11,788",$26.00,,B01ADKNJPO,https://m.media-amazon.com/images/I/51cF-gQN4LL._AC_UL320_.jpg
3047,https://www.amazon.com/sspa/click?ie=UTF8&spc=MToyOTg2MjQ0MjI5OTUxODQ3OjE2Njg2MjYxNDQ6c3Bfc2VhcmNoX3RoZW1hdGljOjIwMDAxNDI2NDAyNjM4MTo6NDo6&url=%2FAnastasia-Beverly-Hills-Brow-Blonde%2Fdp%2FB01IRY2TJK%2Fref%3Dsxin_16_pa_sp_search_thematic_sspa%3Fcontent-id%3Damzn1.sym.4e7a2229-074e-44de-95c4-9fd858f46295%253Aamzn1.sym.4e7a2229-074e-44de-95c4-9fd858f46295%26crid%3D2BW2DRTBBTS1H%26cv_ct_cx%3Deyebrow%2Bpencil%26keywords%3Deyebrow%2Bpencil%26pd_rd_i%3DB01IRY2TJK%26pd_rd_r%3D91fe1393-1b54-4d2d-8d7d-611f59b9344a%26pd_rd_w%3DsR8eD%26pd_rd_wg%3DQMjZo%26pf_rd_p%3D4e7a2229-074e-44de-95c4-9fd858f46295%26pf_rd_r%3DGXHYM69FJW4GY5Y5MCQC%26qid%3D1668626144%26sprefix%3Deyebrow%2Bpencil%252Caps%252C93%26sr%3D1-5-a73d1c8c-2fd2-4f19-aa41-2df022bcb241-spons%26sp_csd%3Dd2lkZ2V0TmFtZT1zcF9zZWFyY2hfdGhlbWF0aWM%26psc%3D1,Anastasia Beverly Hills - Brow Wiz,1 Count (Pack of 1),4.7 out of 5 stars,"20,372",$25.00,,B01IRY2TJK,https://m.media-amazon.com/images/I/41H0tRlfbGL._AC_UL320_.jpg
3049,https://www.amazon.com/Paris-Stylist-Definer-Waterproof-Brunette/dp/B01643FI0I/ref=sr_1_8?crid=2BW2DRTBBTS1H&keywords=eyebrow+pencil&qid=1668626144&sprefix=eyebrow+pencil%2Caps%2C93&sr=8-8,"L'Oreal Paris Makeup Brow Stylist Definer Waterproof Eyebrow Pencil, Ultra-Fine Mechanical Pencil, Draws Tiny Brow Hairs and Fills in Sparse Areas and Gaps, Dark Brunette, 0.003 Ounce (Pack of 1)",1 Count (Pack of 1),4.5 out of 5 stars,"42,314",$8.47,"FREE delivery Tue, Nov 22 on $25 of items shipped by AmazonOr fastest delivery Fri, Nov 18|",B01643FI0I,https://m.media-amazon.com/images/I/51itK2AkCJL._AC_UL320_.jpg
3050,https://www.amazon.com/Instant-Dual-Sided-Precise-Defines-Contours/dp/B00WAJAKOU/ref=sr_1_9?crid=2BW2DRTBBTS1H&keywords=eyebrow+pencil&qid=1668626144&sprefix=eyebrow+pencil%2Caps%2C93&sr=8-9,"e.l.f, Instant Lift Brow Pencil, Dual-Sided, Precise, Fine Tip, Shapes, Defines, Fills Brows, Contours, Combs, Tames, Neutral Brown, 0.006 Oz",1 Count (Pack of 1),4.6 out of 5 stars,"25,191",$3.00,FREE delivery on $25 shipped by Amazon.,B00WAJAKOU,https://m.media-amazon.com/images/I/215tbJoLAVL._AC_UL320_.jpg
3051,https://www.amazon.com/HeyBeauty-Eyebrow-Pencil-Waterproof-Professional/dp/B07JM9LGN8/ref=sr_1_10?crid=2BW2DRTBBTS1H&keywords=eyebrow+pencil&qid=1668626144&sprefix=eyebrow+pencil%2Caps%2C93&sr=8-10,"[ 2 Pack]Eyebrow Pencil, Waterproof Eyebrow Makeup with Dual Ends, Professional Brow Enhancing Kit with Eyebrow Brush (Dark Brown #1)",3 Piece Set,4.4 out of 5 stars,"8,090",$9.99,"FREE delivery Tue, Nov 22 on $25 of items shipped by AmazonOr fastest delivery Fri, Nov 18|",B07JM9LGN8,https://m.media-amazon.com/images/I/61t-sDKaffL._AC_UL320_.jpg
3052,https://www.amazon.com/Wet-Wild-Ultimate-Eyebrow-Pencil/dp/B07QHG4452/ref=sr_1_11?crid=2BW2DRTBBTS1H&keywords=eyebrow+pencil&qid=1668626144&sprefix=eyebrow+pencil%2Caps%2C93&sr=8-11,"Wet n Wild Ultimate Brow Micro Eyebrow Retractable Pencil, Dark Brown, Ultra Fine 1.5mm Tip, Draws Tiny Brow Hairs",0.2 Ounce (Pack of 1),4.4 out of 5 stars,"1,202",$3.18,"FREE delivery Tue, Nov 22 on $25 of items shipped by AmazonOr fastest delivery Fri, Nov 18|",B07QHG4452,https://m.media-amazon.com/images/I/61ufwl7+Z3L._AC_UL320_.jpg
3053,https://www.amazon.com/COVERGIRL-Breezy-Define-Pencils-Packaging/dp/B001ESKLZQ/ref=sr_1_12?crid=2BW2DRTBBTS1H&keywords=eyebrow+pencil&qid=1668626144&sprefix=eyebrow+pencil%2Caps%2C93&sr=8-12,"COVERGIRL Easy Breezy Brow Fill + Define Pencils, 2-count, Rich Brown Eye Pencil, Brown Eyebrow Pencil, Blendable Pencil Fill and Defined Brows, Sharpener Included",2 Count (Pack of 1),4.1 out of 5 stars,"7,767",$4.47,"FREE delivery Tue, Nov 22 on $25 of items shipped by AmazonOr fastest delivery Fri, Nov 18|",B001ESKLZQ,https://m.media-amazon.com/images/I/616kg0s-H+S._AC_UL320_.jpg
3054,https://www.amazon.com/Eyebrow-Tattoo-Pen-Microblading-Effortlessly/dp/B07DMNTK2M/ref=sr_1_13?crid=2BW2DRTBBTS1H&keywords=eyebrow+pencil&qid=1668626144&sprefix=eyebrow+pencil%2Caps%2C93&sr=8-13,"iMethod Eyebrow Pen - iMethod Eye Brown Makeup, Eyebrow Pencil with a Micro-Fork Tip Applicator Creates Natural Looking Brows Effortlessly and Stays on All Day, Dark Brown",1 Count (Pack of 1),3.5 out of 5 stars,"33,180",$13.97,"FREE delivery Tue, Nov 22 on $25 of items shipped by AmazonOr fastest delivery Fri, Nov 18|",B07DMNTK2M,https://m.media-amazon.com/images/I/41CBZjzlPQL._AC_UL320_.jpg
3055,https://aax-us-iad.amazon.com/x/c/ROL8dG3Ok9diBssnc790Jx8AAAGEgd5ckwEAAAH2AQBOL0EgICAgICAgICAgICBOL0EgICAgICAgICAgICAiSIZp/https://www.amazon.com/dp/B091HZHR91?pd_rd_i=B091HZHR91&pf_rd_p=b000e0a0-9e93-480f-bf78-a83c8136dfcb&pf_rd_r=GXHYM69FJW4GY5Y5MCQC&pd_rd_wg=QMjZo&pd_rd_w=E6qL5&pd_rd_r=91fe1393-1b54-4d2d-8d7d-611f59b9344a,"Maybelline Express Brow 2-In-1 Pencil and Powder Eyebrow Makeup, Soft Brown, 1 Count",Sponsored,4.3 out of 5 stars,"5,768",$7.37,"FREE delivery Tue, Nov 22 on $25 of items shipped by AmazonOr fastest delivery Sat, Nov 19|",,
3058,https://www.amazon.com/COVERGIRL-Breezy-Micro-fine-Define-packaging/dp/B0779T2PBQ/ref=sr_1_14?crid=2BW2DRTBBTS1H&keywords=eyebrow+pencil&qid=1668626144&sprefix=eyebrow+pencil%2Caps%2C93&sr=8-14,"COVERGIRL Easy Breezy Brow Micro-fine & Define Pencil, Rich Brown, Pack of 1 (Packaging May Vary)",1 Count (Pack of 1),4.6 out of 5 stars,"6,438",$6.94,"FREE delivery Tue, Nov 22 on $25 of items shipped by AmazonOr fastest delivery Fri, Nov 18|",B0779T2PBQ,https://m.media-amazon.com/images/I/717EBGUFhrL._AC_UL320_.jpg
3059,https://www.amazon.com/Eyebrow-Longlasting-Waterproof-Durable-Automaric/dp/B0756DXNX4/ref=sr_1_15?crid=2BW2DRTBBTS1H&keywords=eyebrow+pencil&qid=1668626144&sprefix=eyebrow+pencil%2Caps%2C93&sr=8-15,1pcs Eyebrow Pencil Longlasting Waterproof Durable Liner Eyebrow 5 Colors to Choose (2# Dark Brown),1 Count (Pack of 1),4.3 out of 5 stars,"12,983",$4.71,"FREE delivery Tue, Nov 22 on $25 of items shipped by AmazonOr fastest delivery Fri, Nov 18|",B0756DXNX4,https://m.media-amazon.com/images/I/21YkJn2yEsL._AC_UL320_.jpg
3060,https://www.amazon.com/Eyebrow-Pencil-Microblading-Pen-Long-Lasting/dp/B0B63LYD2H/ref=sr_1_16?crid=2BW2DRTBBTS1H&keywords=eyebrow+pencil&qid=1668626144&sprefix=eyebrow+pencil%2Caps%2C93&sr=8-16,Eyebrow Pencil Eyebrow Microblading Pen - Eye Makeup Eyebrow Pen Micro 4 Point Brow Pen Lift & Snatch Eyebrow Microblading Pen Long-Lasting Waterproof Natural Eyebrow Hair (Dark Gray),1 Count (Pack of 1),4.5 out of 5 stars,"2,926",$14.98,"FREE delivery Tue, Nov 22 on $25 of items shipped by AmazonOr fastest delivery Fri, Nov 18|",B0B63LYD2H,https://m.media-amazon.com/images/I/71k6TVwhlHL._AC_UL320_.jpg
3061,https://www.amazon.com/sspa/click?ie=UTF8&spc=MToxNDQ2NDAxNzY1ODI0MzkyOjE2Njg2MjYxNDQ6c3BfbXRmOjIwMDA4ODIxNjk4NDQ5ODo6MDo6&url=%2FEtude-Official-Drawing-Eyebrow-Pencil%2Fdp%2FB097D97YTS%2Fref%3Dsr_1_17_sspa%3Fcrid%3D2BW2DRTBBTS1H%26keywords%3Deyebrow%2Bpencil%26qid%3D1668626144%26sprefix%3Deyebrow%2Bpencil%252Caps%252C93%26sr%3D8-17-spons%26sp_csd%3Dd2lkZ2V0TmFtZT1zcF9tdGY%26psc%3D1,ETUDE Drawing Eye Brow 0.25g #5 Gray 21AD | Long Lasting Eyebrow Pencil | Soft Textured Natural Daily Look Eyebrow Makeup | K-beauty,Sponsored,4.3 out of 5 stars,"12,751",$7.00,"FREE delivery Tue, Nov 22 on $25 of items shipped by AmazonOr fastest delivery Fri, Nov 18|",B097D97YTS,https://m.media-amazon.com/images/I/51HvMa2KfcL._AC_UL320_.jpg
3062,https://www.amazon.com/sspa/click?ie=UTF8&spc=MToxNDQ2NDAxNzY1ODI0MzkyOjE2Njg2MjYxNDQ6c3BfbXRmOjIwMDAwNDQzNzQyOTE4MTo6MDo6&url=%2FEyebrow-Longlasting-Waterproof-Durable-Automaric%2Fdp%2FB0756DXNX4%2Fref%3Dsr_1_18_sspa%3Fcrid%3D2BW2DRTBBTS1H%26keywords%3Deyebrow%2Bpencil%26qid%3D1668626144%26sprefix%3Deyebrow%2Bpencil%252Caps%252C93%26sr%3D8-18-spons%26sp_csd%3Dd2lkZ2V0TmFtZT1zcF9tdGY%26psc%3D1,1pcs Eyebrow Pencil Longlasting Waterproof Durable Liner Eyebrow 5 Colors to Choose (2# Dark Brown),Sponsored,4.3 out of 5 stars,"12,983",$4.71,"FREE delivery Tue, Nov 22 on $25 of items shipped by AmazonOr fastest delivery Fri, Nov 18|",B0756DXNX4,https://m.media-amazon.com/images/I/21YkJn2yEsL._AC_UL320_.jpg
3063,https://www.amazon.com/sspa/click?ie=UTF8&spc=MToxNDQ2NDAxNzY1ODI0MzkyOjE2Njg2MjYxNDQ6c3BfbXRmOjIwMDA3ODM4NTAyNzM5ODo6MDo6&url=%2FPalladio-Retractable-Triangular-Eyebrows-Buildable%2Fdp%2FB09PZD9MTP%2Fref%3Dsr_1_19_sspa%3Fcrid%3D2BW2DRTBBTS1H%26keywords%3Deyebrow%2Bpencil%26qid%3D1668626144%26sprefix%3Deyebrow%2Bpencil%252Caps%252C93%26sr%3D8-19-spons%26sp_csd%3Dd2lkZ2V0TmFtZT1zcF9tdGY%26psc%3D1,"Palladio Brow Definer Retractable Pencil, Triangular Tip Fills Brows for a Natural Look, Tame and Shape Eyebrows with Spoolie Brush, Eyebrow Shaper, Buildable Light to Dark Colors, All Day Wear (Dark Brown)",Sponsored,4.3 out of 5 stars,114,$8.99,"FREE delivery Wed, Nov 23 on $25 of items shipped by AmazonOr fastest delivery Tue, Nov 22||Small Business|Small Business|Small Business|<img alt="""" src=""https://m.media-amazon.com/images/I/111mHoVK0kL._SS200_.png"" height=""50px"" width=""50px""/>  Small Business|<img alt="""" src=""https://m.media-amazon.com/images/I/111mHoVK0kL._SS200_.png"" height=""50px"" width=""50px""/>  Small Business",B09PZD9MTP,https://m.media-amazon.com/images/I/51YHYZSBC4L._AC_UL320_.jpg|https://m.media-amazon.com/images/I/111mHoVK0kL._SS200_.png|
3064,https://www.amazon.com/sspa/click?ie=UTF8&spc=MToxNDQ2NDAxNzY1ODI0MzkyOjE2Njg2MjYxNDQ6c3BfbXRmOjIwMDEwMzI0ODIzODI5ODo6MDo6&url=%2FWaterproof-Longwearing-Professional-Precision-OCHEAL%2Fdp%2FB09W2JQ1JC%2Fref%3Dsr_1_20_sspa%3Fcrid%3D2BW2DRTBBTS1H%26keywords%3Deyebrow%2Bpencil%26qid%3D1668626144%26sprefix%3Deyebrow%2Bpencil%252Caps%252C93%26sr%3D8-20-spons%26sp_csd%3Dd2lkZ2V0TmFtZT1zcF9tdGY%26psc%3D1,"3 Pcs Waterproof Eyebrow Pencil Dark Brown, Premium Eye Brow Pencil Brn with Spoolie Brush, Longwearing for Perfect Brows, Professional, Precision, Defines, Universal Benefit Eyebrow Pencil, O'CHEAL",Sponsored,4.2 out of 5 stars,160,$6.99,"FREE delivery Tue, Nov 22 on $25 of items shipped by AmazonOr fastest delivery Sun, Nov 20|",B09W2JQ1JC,https://m.media-amazon.com/images/I/512yAhIWjjL._AC_UL320_.jpg
3065,https://www.amazon.com/l-f-Ultra-Precise-Pencil-Neutral/dp/B07PBR49JY/ref=sr_1_21?crid=2BW2DRTBBTS1H&keywords=eyebrow+pencil&qid=1668626144&sprefix=eyebrow+pencil%2Caps%2C93&sr=8-21,"e.l.f., Ultra Precise Brow Pencil, Creamy, Micro-Slim, Precise, Defines, Creates Full, Natural-Looking Brows, Tames and Combs Brow Hair, Neutral Brown, 0.002 Oz",1 Count (Pack of 1),4.5 out of 5 stars,"8,101",$4.99,"FREE delivery Tue, Nov 22 on $25 of items shipped by AmazonOr fastest delivery Fri, Nov 18|",B07PBR49JY,https://m.media-amazon.com/images/I/61vV1nAVMML._AC_UL320_.jpg
3066,https://www.amazon.com/Etude-Official-Drawing-Eyebrow-Pencil/dp/B097DCQ8TJ/ref=sr_1_22?crid=2BW2DRTBBTS1H&keywords=eyebrow+pencil&qid=1668626144&sprefix=eyebrow+pencil%2Caps%2C93&sr=8-22,ETUDE Drawing Eye Brow #3 Brown 21AD | Long Lasting Eyebrow Pencil for Soft Textured Natural Daily Look Eyebrow Makeup | K-beauty,1 Count (Pack of 1),4.3 out of 5 stars,"12,751",$7.00,"FREE delivery Tue, Nov 22 on $25 of items shipped by AmazonOr fastest delivery Fri, Nov 18|",B097DCQ8TJ,https://m.media-amazon.com/images/I/51JbGdpIpYL._AC_UL320_.jpg
3067,https://www.amazon.com/Benefit-Precisely-Pencil-Defining-Medium/dp/B01HN3LXZC/ref=sr_1_23?crid=2BW2DRTBBTS1H&keywords=eyebrow+pencil&qid=1668626144&sprefix=eyebrow+pencil%2Caps%2C93&sr=8-23,"Benefit Precisely My Brow Pencil Ultra Fine Brow Defining, No. 4, Medium, 0.002 Ounce",1 Count (Pack of 1),4.7 out of 5 stars,"6,295",$23.95,"FREE delivery Tue, Nov 22 on $25 of items shipped by AmazonOr fastest delivery Fri, Nov 18|",B01HN3LXZC,https://m.media-amazon.com/images/I/416Ps0fEu0S._AC_UL320_.jpg
3068,https://www.amazon.com/Maybelline-New-York-defining-eyebrow/dp/B07PDMZB45/ref=sr_1_24?crid=2BW2DRTBBTS1H&keywords=eyebrow+pencil&qid=1668626144&sprefix=eyebrow+pencil%2Caps%2C93&sr=8-24,"Maybelline New York Brow ultra slim defining eyebrow pencil, 262 BLACK BROWN, 0.003 Ounce (Pack of 1)",$7.58 with Subscribe & Save discountSave 50% on 1 when you buy 2,4.6 out of 5 stars,"15,137",$7.98,"FREE delivery Tue, Nov 22 on $25 of items shipped by AmazonOr fastest delivery Fri, Nov 18|",B07PDMZB45,https://m.media-amazon.com/images/I/61-fkmO3pVL._AC_UL320_.jpg
3069,https://www.amazon.com/Eyebrow-Waterproof-Professional-Ultra-Fine-Mechanical/dp/B09MQN7YSF/ref=sr_1_25?crid=2BW2DRTBBTS1H&keywords=eyebrow+pencil&qid=1668626144&sprefix=eyebrow+pencil%2Caps%2C93&sr=8-25,"Eyebrow Pencil,3 PCS Waterproof Professional Makeup Micro Brow Pencil,Brow Kit with Eyebrow Brush and Razor,Ultra-Fine Mechanical Pencil",3 Piece Set,4.5 out of 5 stars,213,$6.99,"FREE delivery Tue, Nov 22 on $25 of items shipped by AmazonOr fastest delivery Fri, Nov 18|",B09MQN7YSF,https://m.media-amazon.com/images/I/81hKV6HX2ML._AC_UL320_.jpg
3070,https://www.amazon.com/SUMEITANG-Eyeliner-Waterproof-Professional-Eye-Makeup/dp/B099PVPYX2/ref=sr_1_26?crid=2BW2DRTBBTS1H&keywords=eyebrow+pencil&qid=1668626144&sprefix=eyebrow+pencil%2Caps%2C93&sr=8-26,"SUMEITANG 12 Pcs Dark Brown Eyebrow Pencil Eyeliner Set, Waterproof Eye Brow Pencil, Easy to Color, Long Lasting Eye Liner Gel Pen, Women Professional Eye-Makeup Pencil",12 Count (Pack of 1),4.2 out of 5 stars,528,$8.99,"FREE delivery Tue, Nov 22 on $25 of items shipped by AmazonOr fastest delivery Fri, Nov 18|",B099PVPYX2,https://m.media-amazon.com/images/I/71a6Om8R7EL._AC_UL320_.jpg
3071,https://www.amazon.com/NYX-PROFESSIONAL-MAKEUP-Eyebrow-Espresso/dp/B07QRMJM23/ref=sr_1_27_mod_primary_new?crid=2BW2DRTBBTS1H&keywords=eyebrow+pencil&qid=1668626144&sbo=RZvfv%2F%2FHxDF%2BO5021pAnSA%3D%3D&sprefix=eyebrow+pencil%2Caps%2C93&sr=8-27,"NYX PROFESSIONAL MAKEUP Fill & Fluff Eyebrow Pomade Pencil, Espresso",1 Count (Pack of 1),4.5 out of 5 stars,"9,506|Another way to buy|$9.80$9.80 $12.00$12.00|$9.80$9.80 $12.00$12.00|FREE delivery Nov 23 - 25",$8.99,FREE delivery Nov 23 - Dec 1 Or fastest delivery Nov 22 - 23|FREE delivery Nov 23 - 25,B07QRMJM23,https://m.media-amazon.com/images/I/51hWdyKsWKL._AC_UL320_.jpg
3072,https://www.amazon.com/Eyebrow-Sharpenable-Longwear-Lasting-Natural-Looking/dp/B01F7IY17M/ref=sr_1_28?crid=2BW2DRTBBTS1H&keywords=eyebrow+pencil&qid=1668626144&sprefix=eyebrow+pencil%2Caps%2C93&sr=8-28,"Ruby Kisses GoBrow Eyebrow Pencil, Sharpenable, Longwear, Long Lasting Eyebrow Wooden Pencil for Natural-Looking Brows 6 PACK (Dark Brown)",6 Count (Pack of 1),4.6 out of 5 stars,331,$6.99,"FREE delivery Tue, Nov 22 on $25 of items shipped by AmazonOr fastest delivery Fri, Nov 18|",B01F7IY17M,https://m.media-amazon.com/images/I/81uvcKeRmIL._AC_UL320_.jpg
3073,https://www.amazon.com/Rimmel-Eyebrow-Definer-Medium-Brown/dp/B07D7HH8H2/ref=sr_1_29?crid=2BW2DRTBBTS1H&keywords=eyebrow+pencil&qid=1668626144&sprefix=eyebrow+pencil%2Caps%2C93&sr=8-29,"Rimmel Brow This Way Eyebrow Definer, Medium Brown (1 Count)",1 Count (Pack of 1),4.5 out of 5 stars,427,$4.97,"FREE delivery Tue, Nov 22 on $25 of items shipped by AmazonOr fastest delivery Fri, Nov 18|",B07D7HH8H2,https://m.media-amazon.com/images/I/61erP1kbswL._AC_UL320_.jpg
3074,https://www.amazon.com/Anastasia-Beverly-Hills-Brow-Brown/dp/B00IVKL4BA/ref=sr_1_30?crid=2BW2DRTBBTS1H&keywords=eyebrow+pencil&qid=1668626144&sprefix=eyebrow+pencil%2Caps%2C93&sr=8-30,Anastasia Beverly Hills - Brow Wiz,1 Count (Pack of 1),4.7 out of 5 stars,"20,372",$25.00,"FREE delivery Tue, Nov 22 Or fastest delivery Fri, Nov 18|",B00IVKL4BA,https://m.media-amazon.com/images/I/41cE8OxldjL._AC_UL320_.jpg
3075,https://www.amazon.com/NYX-PROFESSIONAL-MAKEUP-Snatch-Brunette/dp/B08MRMLQRN/ref=sr_1_31?crid=2BW2DRTBBTS1H&keywords=eyebrow+pencil&qid=1668626144&sprefix=eyebrow+pencil%2Caps%2C93&sr=8-31,"NYX PROFESSIONAL MAKEUP Lift & Snatch Eyebrow Tint Pen, Brunette",0.03 Fl Oz (Pack of 1),4.5 out of 5 stars,"1,611",$10.99,FREE delivery Nov 21 - 22,B08MRMLQRN,https://m.media-amazon.com/images/I/51yaddhL75L._AC_UL320_.jpg
3076,https://www.amazon.com/Wet-Wild-Brow-Sessive-Buildable-Definition/dp/B08RRRRXKG/ref=sr_1_32?crid=2BW2DRTBBTS1H&keywords=eyebrow+pencil&qid=1668626144&sprefix=eyebrow+pencil%2Caps%2C93&sr=8-32,"Eyebrow Pencil By Wet n Wild Brow-Sessive Brow Makeup Pencil Liner Blending Brush, Precise, Fine Tip, Shapes, Defines, Fills, Dark Brown",1 Count (Pack of 1),3.9 out of 5 stars,"3,631",$2.29,"FREE delivery Tue, Nov 22 on $25 of items shipped by AmazonOr fastest delivery Fri, Nov 18|",B08RRRRXKG,https://m.media-amazon.com/images/I/7102Bx6EyXL._AC_UL320_.jpg
3077,https://www.amazon.com/sspa/click?ie=UTF8&spc=MToxNDQ2NDAxNzY1ODI0MzkyOjE2Njg2MjYxNDQ6c3BfbXRmOjIwMDEwMDIyNzE5MDQ5ODo6MDo6&url=%2FEyebrows-Applicator-Waterproof-Dual-ended-Brush-Soft%2Fdp%2FB0B57ZY51F%2Fref%3Dsr_1_33_sspa%3Fcrid%3D2BW2DRTBBTS1H%26keywords%3Deyebrow%2Bpencil%26qid%3D1668626144%26sprefix%3Deyebrow%2Bpencil%252Caps%252C93%26sr%3D8-33-spons%26sp_csd%3Dd2lkZ2V0TmFtZT1zcF9tdGY%26psc%3D1,"Eyebrow Stamp Stencil Kit for Perfect Bushy Eyebrows,10 Eyebrow Stencils,Brow Stamp Trio Kit with Sponge Applicator,Waterproof Eyebrow Pomade,Dual-ended Eyebrow Brush-Soft Brown",Sponsored,4.1 out of 5 stars,155,$9.99,"FREE delivery Tue, Nov 22 on $25 of items shipped by AmazonOr fastest delivery Fri, Nov 18|",B0B57ZY51F,https://m.media-amazon.com/images/I/71E-O4hH48L._AC_UL320_.jpg
3078,https://www.amazon.com/sspa/click?ie=UTF8&spc=MToxNDQ2NDAxNzY1ODI0MzkyOjE2Njg2MjYxNDQ6c3BfbXRmOjIwMDAxOTk2NTMzMjgxMTo6MDo6&url=%2FApooliy-Waterproof-Microblading-Micro-Fork-Effortlessly%2Fdp%2FB07XCPBB69%2Fref%3Dsr_1_34_sspa%3Fcrid%3D2BW2DRTBBTS1H%26keywords%3Deyebrow%2Bpencil%26qid%3D1668626144%26sprefix%3Deyebrow%2Bpencil%252Caps%252C93%26sr%3D8-34-spons%26sp_csd%3Dd2lkZ2V0TmFtZT1zcF9tdGY%26psc%3D1,Apooliy Eyebrow Tattoo Pen Waterproof Microblading Eyebrow Pencil with a Micro-Fork Tip Applicator Creates Natural Looking Brows Effortlessly,Sponsored,3.6 out of 5 stars,"4,600",$9.99,"FREE delivery Tue, Nov 22 on $25 of items shipped by AmazonOr fastest delivery Fri, Nov 18|",B07XCPBB69,https://m.media-amazon.com/images/I/61rs15qCvSL._AC_UL320_.jpg
3079,https://www.amazon.com/sspa/click?ie=UTF8&spc=MToxNDQ2NDAxNzY1ODI0MzkyOjE2Njg2MjYxNDQ6c3BfbXRmOjIwMDA1NTY0MzU3MzQ5ODo6MDo6&url=%2FLunana-Beauty-Waterproof-Micro-Fork-Chestnut%2Fdp%2FB09SWC2QWS%2Fref%3Dsr_1_35_sspa%3Fcrid%3D2BW2DRTBBTS1H%26keywords%3Deyebrow%2Bpencil%26qid%3D1668626144%26sprefix%3Deyebrow%2Bpencil%252Caps%252C93%26sr%3D8-35-spons%26sp_csd%3Dd2lkZ2V0TmFtZT1zcF9tdGY%26psc%3D1,"Lunana Beauty 4 Point Eyebrow Pen, Micro Ink Brow Pen Waterproof Eyebrow Pencil with Micro-Fork Tips for Daily Natural Eye Brown Makeup (1# Chestnut)",Sponsored,3.8 out of 5 stars,"2,785",$7.99,"FREE delivery Tue, Nov 22 on $25 of items shipped by AmazonOr fastest delivery Fri, Nov 18|",B09SWC2QWS,https://m.media-amazon.com/images/I/61zkhd4RliL._AC_UL320_.jpg
3080,https://www.amazon.com/sspa/click?ie=UTF8&spc=MToxNDQ2NDAxNzY1ODI0MzkyOjE2Njg2MjYxNDQ6c3BfbXRmOjIwMDEwNDExNDY1ODM5ODo6MDo6&url=%2FWonderskin-Gel-Serum-Long-lasting-Transfer-Technology%2Fdp%2FB0BG5NR5PV%2Fref%3Dsr_1_36_sspa%3Fcrid%3D2BW2DRTBBTS1H%26keywords%3Deyebrow%2Bpencil%26qid%3D1668626144%26sprefix%3Deyebrow%2Bpencil%252Caps%252C93%26sr%3D8-36-spons%26sp_csd%3Dd2lkZ2V0TmFtZT1zcF9tdGY%26psc%3D1%26smid%3DA3J4XGDW95FA9P,"Wonderskin Dream Brow Eyebrow Gel-Serum. Long-lasting, Water Proof, Transfer Proof One-Step Brow Makeup with Wonder Blading Technology (Blonde)",Sponsored,4.3 out of 5 stars,16,$22.00,"FREE delivery Tue, Nov 22 on $25 of items shipped by AmazonOr fastest delivery Sat, Nov 19||Small Business|Small Business|Small Business|<img alt="""" src=""https://m.media-amazon.com/images/I/111mHoVK0kL._SS200_.png"" height=""50px"" width=""50px""/>  Small Business|<img alt="""" src=""https://m.media-amazon.com/images/I/111mHoVK0kL._SS200_.png"" height=""50px"" width=""50px""/>  Small Business",B0BG5NR5PV,https://m.media-amazon.com/images/I/61NADrnJCvL._AC_UL320_.jpg|https://m.media-amazon.com/images/I/111mHoVK0kL._SS200_.png|
3081,https://www.amazon.com/Kokie-Cosmetics-Micro-Fine-Eyebrow-Pencil/dp/B09T2KQ7RC/ref=sr_1_37?crid=2BW2DRTBBTS1H&keywords=eyebrow+pencil&qid=1668626144&sprefix=eyebrow+pencil%2Caps%2C93&sr=8-37,Kokie Cosmetics Micro-Fine Eyebrow Pencil (Blonde GB263),1 Count (Pack of 1),4.8 out of 5 stars,284,$9.99,"FREE delivery Tue, Nov 22 on $25 of items shipped by AmazonOr fastest delivery Fri, Nov 18|",B09T2KQ7RC,https://m.media-amazon.com/images/I/61LN5zCLWmL._AC_UL320_.jpg
3082,https://www.amazon.com/Eyebrow-ColorStay-Longwearing-Precision-Brunette/dp/B001LFF4C2/ref=sr_1_38?crid=2BW2DRTBBTS1H&keywords=eyebrow+pencil&qid=1668626144&sprefix=eyebrow+pencil%2Caps%2C93&sr=8-38,"Eyebrow Gel & Pencil by Revlon, ColorStay Brow Fantasy 2-in-1 Eye Makeup, Longwearing with Precision Tip, 105 Brunette, 0.04 Oz",0.04 Ounce (Pack of 1),4.4 out of 5 stars,"2,211",$2.54,"FREE delivery Tue, Nov 22 on $25 of items shipped by AmazonOr fastest delivery Fri, Nov 18|",B001LFF4C2,https://m.media-amazon.com/images/I/71UbjfjbHjL._AC_UL320_.jpg
3083,https://www.amazon.com/Benefit-Pencil-Eyebrow-Shaping-Filling/dp/B01HN1ZQIY/ref=sr_1_39?crid=2BW2DRTBBTS1H&keywords=eyebrow+pencil&qid=1668626144&sprefix=eyebrow+pencil%2Caps%2C93&sr=8-39,Benefit Goof Proof Brow Pencil Super Easy Eyebrow Shaping and Filling Tool - Shade 4,1 Count (Pack of 1),4.8 out of 5 stars,"2,294",$18.00,"FREE delivery Tue, Nov 22 on $25 of items shipped by AmazonOr fastest delivery Sat, Nov 19|",B01HN1ZQIY,https://m.media-amazon.com/images/I/61rvvsVGZIL._AC_UL320_.jpg
3084,https://www.amazon.com/essence-Waterproof-Formulated-Fragrance-Preservatives/dp/B09DHSBDQJ/ref=sr_1_40?crid=2BW2DRTBBTS1H&keywords=eyebrow+pencil&qid=1668626144&sprefix=eyebrow+pencil%2Caps%2C93&sr=8-40,"essence | Baby Got Brow! Eyebrow Pencil | Long Lasting & Waterproof with Spoolie | Vegan, Cruelty Free, Formulated without Parabens, Preservatives, Oil & Alcohol (20 | Brunette)",1 Count (Pack of 1),4.3 out of 5 stars,255,$4.99,"FREE delivery Tue, Nov 22 on $25 of items shipped by AmazonOr fastest delivery Fri, Nov 18|",B09DHSBDQJ,https://m.media-amazon.com/images/I/51xZwsF20jL._AC_UL320_.jpg
3085,https://www.amazon.com/NYX-Professional-Makeup-Eyebrow-Powder/dp/B071FF9KV7/ref=sr_1_41?crid=2BW2DRTBBTS1H&keywords=eyebrow+pencil&qid=1668626144&sprefix=eyebrow+pencil%2Caps%2C93&sr=8-41,"NYX PROFESSIONAL MAKEUP Eyebrow Powder Pencil, Taupe",1 Count (Pack of 1),4.5 out of 5 stars,"5,273",$6.50,"FREE delivery Tue, Nov 22 on $25 of items shipped by AmazonOr fastest delivery Fri, Nov 18|",B071FF9KV7,https://m.media-amazon.com/images/I/61Uy72hpMnL._AC_UL320_.jpg
3086,https://www.amazon.com/ybf-Universal-Eyebrow-Pencil-Taupe/dp/B07D88WFBY/ref=sr_1_42?crid=2BW2DRTBBTS1H&keywords=eyebrow+pencil&qid=1668626144&sprefix=eyebrow+pencil%2Caps%2C93&sr=8-42,YBF Beauty Eyebrow Pencil - Universal Automatic Brow Pencil With Spoolie Brush - Perfect Eyebrow Makeup Shaper and Filler For Women - All Hair Colors & Skin Tones - Taupe Eyebrow Liner - 2 Pack,2 Count (Pack of 1),4.7 out of 5 stars,"1,787",$9.99,"FREE delivery Tue, Nov 22 on $25 of items shipped by AmazonOr fastest delivery Fri, Nov 18|",B07D88WFBY,https://m.media-amazon.com/images/I/71DDUX3Z7aL._AC_UL320_.jpg
3087,https://www.amazon.com/Eyebrows-Waterproof-Stencils-Dual-ended-Applicator/dp/B0BB79GKRX/ref=sr_1_43?crid=2BW2DRTBBTS1H&keywords=eyebrow+pencil&qid=1668626144&sprefix=eyebrow+pencil%2Caps%2C93&sr=8-43,"Eyebrow Stamp Stencil Kit for Eyebrows, Brow Stamp Trio Kit with Waterproof Eyebrow Pencil, Eyebrow Pomade, 20 Eyebrow Stencils, Dual-ended Eyebrow Brush and Sponge Applicator - Soft Brown",($9.99/Count),4.1 out of 5 stars,157,$9.99,"FREE delivery Tue, Nov 22 on $25 of items shipped by AmazonOr fastest delivery Fri, Nov 18|",B0BB79GKRX,https://m.media-amazon.com/images/I/71rt6hHFNoL._AC_UL320_.jpg
3088,https://www.amazon.com/Anastasia-Beverly-Hills-Perfect-Pencil/dp/B00IVKEQ2O/ref=sr_1_44?crid=2BW2DRTBBTS1H&keywords=eyebrow+pencil&qid=1668626144&sprefix=eyebrow+pencil%2Caps%2C93&sr=8-44,Anastasia Beverly Hills - Perfect Brow Pencil - Dark Brown,1 Count (Pack of 1),4.7 out of 5 stars,650,$22.00,"FREE delivery Tue, Nov 22 on $25 of items shipped by AmazonOr fastest delivery Fri, Nov 18|",B00IVKEQ2O,https://m.media-amazon.com/images/I/41SQ-tMW9jL._AC_UL320_.jpg
3089,https://www.amazon.com/LOreal-Paris-Stylist-Designer-Brunette/dp/B00PFCTYKA/ref=sr_1_45?crid=2BW2DRTBBTS1H&keywords=eyebrow+pencil&qid=1668626144&sprefix=eyebrow+pencil%2Caps%2C93&sr=8-45,"L'Oreal Paris Brow Stylist Designer Eyebrow Pencil, Brunette [310] 0.045 oz",1 Count (Pack of 1),4.5 out of 5 stars,"3,106",$7.45,"FREE delivery Tue, Nov 22 on $25 of items shipped by AmazonOr fastest delivery Fri, Nov 18|",B00PFCTYKA,https://m.media-amazon.com/images/I/61R1Dl+-7fL._AC_UL320_.jpg
3090,https://www.amazon.com/Brow-Power-Universal-Pencil/dp/B003VPTA2U/ref=sr_1_46?crid=2BW2DRTBBTS1H&keywords=eyebrow+pencil&qid=1668626144&sprefix=eyebrow+pencil%2Caps%2C93&sr=8-46,"IT Cosmetics Brow Power, Universal Taupe - Universal Eyebrow Pencil - Mimics the Look of Real Hair - Budge-Proof Formula - With Biotin, Saw Palmetto & Antioxidants - 0.0056 oz",1 Count (Pack of 1),4.6 out of 5 stars,"4,947",$21.50,"FREE delivery Tue, Nov 22 on $25 of items shipped by AmazonOr fastest delivery Sat, Nov 19||Small Business|Small Business|Small Business|<img alt="""" src=""https://m.media-amazon.com/images/I/111mHoVK0kL._SS200_.png"" height=""50px"" width=""50px""/>  Small Business|<img alt="""" src=""https://m.media-amazon.com/images/I/111mHoVK0kL._SS200_.png"" height=""50px"" width=""50px""/>  Small Business",B003VPTA2U,https://m.media-amazon.com/images/I/51OtiihRAhL._AC_UL320_.jpg|https://m.media-amazon.com/images/I/111mHoVK0kL._SS200_.png|
3091,https://www.amazon.com/Eyebrow-Waterproof-profession-durable-sweat-proof/dp/B08P42MXN9/ref=sr_1_47?crid=2BW2DRTBBTS1H&keywords=eyebrow+pencil&qid=1668626144&sprefix=eyebrow+pencil%2Caps%2C93&sr=8-47,"2pcs Eyebrow pencil, Double Ended Waterproof Brow Pen,profession durable sweat-proof Kit,With Eyebrow Brush(Black)",($1.66/Count),4.3 out of 5 stars,313,$4.97,"FREE delivery Tue, Nov 22 on $25 of items shipped by AmazonOr fastest delivery Fri, Nov 18|",B08P42MXN9,https://m.media-amazon.com/images/I/71OmT0VXhDL._AC_UL320_.jpg
3092,https://www.amazon.com/Eyebrow-Colorstay-Waterproof-Longwearing-Precision/dp/B01KHSV57Q/ref=sr_1_48?crid=2BW2DRTBBTS1H&keywords=eyebrow+pencil&qid=1668626144&sprefix=eyebrow+pencil%2Caps%2C93&sr=8-48,"Eyebrow Pencil by Revlon, Colorstay Eye Makeup with Eyebrow Spoolie, Waterproof, Longwearing Angled Precision Tip, 205 Blonde, 0.01 Oz",1 Count (Pack of 1),4.6 out of 5 stars,"10,836",$7.97,"FREE delivery Tue, Nov 22 on $25 of items shipped by AmazonOr fastest delivery Fri, Nov 18|",B01KHSV57Q,https://m.media-amazon.com/images/I/61r0fgzluzL._AC_UL320_.jpg
3093,https://www.amazon.com/Eyebrow-Pencil-Brunettes-Better-0-02oz/dp/B010GNTVFA/ref=sr_1_49?crid=2BW2DRTBBTS1H&keywords=eyebrow+pencil&qid=1668626144&sprefix=eyebrow+pencil%2Caps%2C93&sr=8-49,"Wet n Wild Color Icon Brow Pencil Dark Brown, Brunettes Eyebrow Pencil and Brush",1 Count (Pack of 1),4.3 out of 5 stars,"1,235",$2.99,"FREE delivery Tue, Nov 22 on $25 of items shipped by AmazonOr fastest delivery Fri, Nov 18|",B010GNTVFA,https://m.media-amazon.com/images/I/71ocTRDWNuL._AC_UL320_.jpg
3094,https://www.amazon.com/Revlon-Colorstay-Brow-Pencil-Brown/dp/B06WVNY76S/ref=sr_1_50?crid=2BW2DRTBBTS1H&keywords=eyebrow+pencil&qid=1668626144&sprefix=eyebrow+pencil%2Caps%2C93&sr=8-50,"Revlon Colorstay Brow Pencil, 210 Soft Brown (Pack of 2)",2 Count (Pack of 1),4.7 out of 5 stars,431,$19.30,"FREE delivery Tue, Nov 22 on $25 of items shipped by AmazonOr fastest delivery Fri, Nov 18|",B06WVNY76S,https://m.media-amazon.com/images/I/51X58-cchlL._AC_UL320_.jpg
3095,https://www.amazon.com/Maybelline-New-York-Express-Eyebrow/dp/B091J1YD2N/ref=sr_1_51?crid=2BW2DRTBBTS1H&keywords=eyebrow+pencil&qid=1668626144&sprefix=eyebrow+pencil%2Caps%2C93&sr=8-51,"Maybelline Express Brow 2-In-1 Pencil and Powder Eyebrow Makeup, Medium Brown, 1 Count",1 Count (Pack of 1),4.3 out of 5 stars,"5,768",$7.89,"FREE delivery Tue, Nov 22 on $25 of items shipped by AmazonOr fastest delivery Fri, Nov 18|",B091J1YD2N,https://m.media-amazon.com/images/I/81d18Pz6MVL._AC_UL320_.jpg
3096,https://www.amazon.com/Maybelline-Extensions-Stickeyebrow-Natural-looking-Eyebrows/dp/B085S9JBD7/ref=sr_1_52?crid=2BW2DRTBBTS1H&keywords=eyebrow+pencil&qid=1668626144&sprefix=eyebrow+pencil%2Caps%2C93&sr=8-52,"Maybelline New York Brow Extensions Fiber Pomade Crayon Eyebrow Makeup, 248 Light Blonde",1 Count (Pack of 1),4.2 out of 5 stars,"5,327",$4.50,"FREE delivery Tue, Nov 22 on $25 of items shipped by AmazonOr fastest delivery Fri, Nov 18|",B085S9JBD7,https://m.media-amazon.com/images/I/711-i-AqwkL._AC_UL320_.jpg
3097,https://www.amazon.com/Eyebrow-Pencils-Long-lasting-Water-proof-Sweat-proof/dp/B08NSH3K1S/ref=sr_1_53?crid=2BW2DRTBBTS1H&keywords=eyebrow+pencil&qid=1668626144&sprefix=eyebrow+pencil%2Caps%2C93&sr=8-53,2 Packs Eyebrow Pencils with Soft Brush 2-in-1 Long-lasting Water-proof Sweat-proof Brow Pencil and Brow Brush Eyebrow Shaping and Filling Pencil Makeup Tool (Dark Brown),2 Count (Pack of 1),4.3 out of 5 stars,"1,292",$5.99,"FREE delivery Tue, Nov 22 on $25 of items shipped by AmazonOr fastest delivery Fri, Nov 18|",B08NSH3K1S,https://m.media-amazon.com/images/I/61e8SYALWyL._AC_UL320_.jpg
3098,https://www.amazon.com/NYX-PROFESSIONAL-MAKEUP-Precision-Pencil/dp/B074YT5FL6/ref=sr_1_54?crid=2BW2DRTBBTS1H&keywords=eyebrow+pencil&qid=1668626144&sprefix=eyebrow+pencil%2Caps%2C93&sr=8-54,"NYX PROFESSIONAL MAKEUP Precision Eyebrow Pencil, Ash Brown",1 Count (Pack of 1),4.5 out of 5 stars,"13,574",$9.99,"FREE delivery Tue, Nov 22 on $25 of items shipped by AmazonOr fastest delivery Fri, Nov 18|",B074YT5FL6,https://m.media-amazon.com/images/I/61CyUDe46oL._AC_UL320_.jpg
3099,https://www.amazon.com/Microblading-Double-headed-Retractable-Triangular-Long-lasting/dp/B09CD8DBXW/ref=sr_1_55?crid=2BW2DRTBBTS1H&keywords=eyebrow+pencil&qid=1668626144&sprefix=eyebrow+pencil%2Caps%2C93&sr=8-55,"TurritopsisD Eyebrow Pencil, Brow Pen Dual-ends Thick & Fine Tip Retractable Waterproof Long-lasting Natural Eye Brows Makeup with Eyebrow Trimmer (Dark Brown)",2 Piece Set,4.4 out of 5 stars,390,$9.29,"FREE delivery Tue, Nov 22 on $25 of items shipped by AmazonOr fastest delivery Sat, Nov 19|",B09CD8DBXW,https://m.media-amazon.com/images/I/71+TFhLaHqL._AC_UL320_.jpg
3100,https://www.amazon.com/CoverGirl-Makers-Shaper-Eyeliner-Midnight/dp/B07SNGPL88/ref=sr_1_56?crid=2BW2DRTBBTS1H&keywords=eyebrow+pencil&qid=1668626144&sprefix=eyebrow+pencil%2Caps%2C93&sr=8-56,"CoverGirl Brow & Eye Makers Brow Shaper & Eyeliner, Midnight Brown 505.06 oz (Pack of 2)",2 Count (Pack of 1),4.2 out of 5 stars,63,$8.73,"FREE delivery Wed, Nov 23 on $25 of items shipped by AmazonOr fastest delivery Tue, Nov 22|",B07SNGPL88,https://m.media-amazon.com/images/I/91QwThKOlYL._AC_UL320_.jpg
3101,https://www.amazon.com/Anastasia-Beverly-Hills-Definer-Brown/dp/B01B010CWS/ref=sr_1_57?crid=2BW2DRTBBTS1H&keywords=eyebrow+pencil&qid=1668626144&sprefix=eyebrow+pencil%2Caps%2C93&sr=8-57,Anastasia Beverly Hills - Brow Definer,1 Count (Pack of 1),4.6 out of 5 stars,"11,788",$26.00,"FREE delivery Tue, Nov 22 Or fastest delivery Fri, Nov 18|",B01B010CWS,https://m.media-amazon.com/images/I/51vPkSgdTKL._AC_UL320_.jpg
3102,https://www.amazon.com/wet-wild-Pencil-Blonde-Moments/dp/B00WT36LUE/ref=sr_1_58?crid=2BW2DRTBBTS1H&keywords=eyebrow+pencil&qid=1668626144&sprefix=eyebrow+pencil%2Caps%2C93&sr=8-58,"Eyebrow Makeup By wet n wild Color Icon Brow Pencil, Blonde Moments, Light Brown Eyebrow Pencil and Brush",1 Count (Pack of 1),4.4 out of 5 stars,610,$2.86,"FREE delivery Tue, Nov 22 on $25 of items shipped by AmazonOr fastest delivery Fri, Nov 18|",B00WT36LUE,https://m.media-amazon.com/images/I/71SXbQfP4ZL._AC_UL320_.jpg
3103,https://www.amazon.com/Paris-mechanical-blending-triangular-precisely/dp/B06XF15QJQ/ref=sr_1_59?crid=2BW2DRTBBTS1H&keywords=eyebrow+pencil&qid=1668626144&sprefix=eyebrow+pencil%2Caps%2C93&sr=8-59,"L'Oreal Paris Brow Stylist Shape and Fill Pencil, Blonde",$8.40 with Subscribe & Save discountSave 5% on 4 select item(s),4.7 out of 5 stars,"3,580",$8.84,"FREE delivery Tue, Nov 22 on $25 of items shipped by AmazonOr fastest delivery Sun, Nov 20|",B06XF15QJQ,https://m.media-amazon.com/images/I/51Dk61Ui3lL._AC_UL320_.jpg
3104,https://www.amazon.com/Double-head-waterproof-automatic-rotating-triangle/dp/B08LSZ8NXD/ref=sr_1_60?crid=2BW2DRTBBTS1H&keywords=eyebrow+pencil&qid=1668626144&sprefix=eyebrow+pencil%2Caps%2C93&sr=8-60,"Eyebrow pencil, long-lasting waterproof and durable ultra-fine automatic makeup pencil, 3 colors (02#GRAYISH BROWN)",($5.99/Count),4.2 out of 5 stars,171,$5.99,"FREE delivery Tue, Nov 22 on $25 of items shipped by AmazonOr fastest delivery Fri, Nov 18|",B08LSZ8NXD,https://m.media-amazon.com/images/I/51-TeMUQBhL._AC_UL320_.jpg
3105,https://aax-us-iad.amazon.com/x/c/RK7BN9KakbI3hBW110vHf-gAAAGEgd5clQEAAAH2AQBOL0EgICAgICAgICAgICBOL0EgICAgICAgICAgICBdvNpZ/https://www.amazon.com/dp/B07PBPCCT1?pd_rd_i=B07PBPCCT1&pf_rd_p=55defc4a-7c1e-47a7-8d1d-5cc458cca688&pf_rd_r=GXHYM69FJW4GY5Y5MCQC&pd_rd_wg=xi1ju&pd_rd_w=v56Lm&pd_rd_r=71f851a7-f434-4c61-b33c-90c3fe72d23a,"iMethod Eyebrow Pen - iMethod Eye Brown Makeup, Eyebrow Pencil with a Micro-Fork Tip Applicator Creates Natural Looking Brows Effortlessly and Stays on All Day, Light Brown",Sponsored,3.5 out of 5 stars,"33,180",$13.97,"FREE delivery Tue, Nov 22 on $25 of items shipped by AmazonOr fastest delivery Fri, Nov 18|",,
